<?xml version="1.0" encoding="UTF-8"?>
<!DOCTYPE html PUBLIC "-//W3C//DTD XHTML 1.0 Transitional//EN"
    "http://www.w3.org/TR/xhtml1/DTD/xhtml1-transitional.dtd">
<html xmlns="http://www.w3.org/1999/xhtml" xml:lang="en" lang="en">
 <head>
  <title>
</title>
<meta http-equiv="Content-Type" content="text/html;charset=utf-8" />
  <meta name='ocr-system' content='tesseract 3.04.00' />
  <meta name='ocr-capabilities' content='ocr_page ocr_carea ocr_par ocr_line ocrx_word'/>
</head>
<body>
  <div class='ocr_page' id='page_1' title='image "./deovidimythopoe01vollgoog_0097.png"; bbox 0 0 3000 5168; ppageno 0'>
   <div class='ocr_carea' id='block_1_1' title="bbox 820 539 939 649">
    <p class='ocr_par' dir='ltr' id='par_1_1' title="bbox 820 539 939 649">
     <span class='ocr_line' id='line_1_1' title="bbox 820 539 939 649; baseline 0.042 -5"><span class='ocrx_word' id='word_1_1' title='bbox 820 539 939 649; x_wconf 84' lang='lat' dir='ltr'>(lt)</span> 
     </span>
    </p>
   </div>
   <div class='ocr_carea' id='block_1_2' title="bbox 321 712 1422 1560">
    <p class='ocr_par' dir='ltr' id='par_1_2' title="bbox 371 712 1420 909">
     <span class='ocr_line' id='line_1_2' title="bbox 412 712 1420 798; baseline -0.004 -16"><span class='ocrx_word' id='word_1_2' title='bbox 412 717 504 784; x_wconf 91' lang='lat' dir='ltr'>idem</span> <span class='ocrx_word' id='word_1_3' title='bbox 538 713 667 782; x_wconf 88' lang='lat' dir='ltr'>ibidem</span> <span class='ocrx_word' id='word_1_4' title='bbox 706 726 918 798; x_wconf 79' lang='lat' dir='ltr'>reppererat,</span> <span class='ocrx_word' id='word_1_5' title='bbox 952 712 1070 794; x_wconf 90' lang='lat' dir='ltr'>credo,</span> <span class='ocrx_word' id='word_1_6' title='bbox 1103 730 1253 796; x_wconf 87' lang='lat' dir='ltr'>quorum</span> <span class='ocrx_word' id='word_1_7' title='bbox 1288 713 1321 778; x_wconf 91' lang='lat' dir='ltr'>in</span> <span class='ocrx_word' id='word_1_8' title='bbox 1351 729 1420 778; x_wconf 91' lang='lat' dir='ltr'>am-</span> 
     </span>
     <span class='ocr_line' id='line_1_3' title="bbox 371 819 1186 909; baseline -0.006 -16"><span class='ocrx_word' id='word_1_9' title='bbox 371 825 534 909; x_wconf 84' lang='lat' dir='ltr'>plexibus</span> <span class='ocrx_word' id='word_1_10' title='bbox 556 823 694 890; x_wconf 82' lang='lat' dir='ltr'>Pliades</span> <span class='ocrx_word' id='word_1_11' title='bbox 717 825 876 891; x_wconf 88' lang='lat' dir='ltr'>venerint</span> <span class='ocrx_word' id='word_1_12' title='bbox 899 823 1047 889; x_wconf 92' lang='lat' dir='ltr'>deorum</span> <span class='ocrx_word' id='word_1_13' title='bbox 1072 819 1186 905; x_wconf 84' lang='lat'><strong>(216).</strong></span> 
     </span>
    </p>

    <p class='ocr_par' dir='ltr' id='par_1_3' title="bbox 321 927 1422 1560">
     <span class='ocr_line' id='line_1_4' title="bbox 412 927 1419 1018; baseline -0.006 -16"><span class='ocrx_word' id='word_1_14' title='bbox 412 935 563 1018; x_wconf 85' lang='lat' dir='ltr'>denique</span> <span class='ocrx_word' id='word_1_15' title='bbox 586 945 639 1000; x_wconf 92' lang='lat' dir='ltr'>est</span> <span class='ocrx_word' id='word_1_16' title='bbox 661 931 861 1016; x_wconf 89' lang='lat' dir='ltr'>exemplum</span> <span class='ocrx_word' id='word_1_17' title='bbox 884 933 1139 1015; x_wconf 83' lang='lat' dir='ltr'>gravissimum,</span> <span class='ocrx_word' id='word_1_18' title='bbox 1173 929 1231 997; x_wconf 94' lang='lat' dir='ltr'>ubi</span> <span class='ocrx_word' id='word_1_19' title='bbox 1259 927 1419 997; x_wconf 84' lang='lat' dir='ltr'>conlusio</span> 
     </span>
     <span class='ocr_line' id='line_1_5' title="bbox 371 1039 1420 1126; baseline -0.005 -16"><span class='ocrx_word' id='word_1_20' title='bbox 371 1043 668 1126; x_wconf 88' lang='lat' dir='ltr'>homonymorum</span> <span class='ocrx_word' id='word_1_21' title='bbox 686 1043 753 1108; x_wconf 89' lang='lat' dir='ltr'>nisi</span> <span class='ocrx_word' id='word_1_22' title='bbox 769 1059 834 1124; x_wconf 90' lang='lat' dir='ltr'>per</span> <span class='ocrx_word' id='word_1_23' title='bbox 849 1039 926 1107; x_wconf 85' lang='lat' dir='ltr'>libri</span> <span class='ocrx_word' id='word_1_24' title='bbox 943 1058 1056 1123; x_wconf 87' lang='lat' dir='ltr'>usum,</span> <span class='ocrx_word' id='word_1_25' title='bbox 1073 1041 1132 1125; x_wconf 89' lang='lat' dir='ltr'>qui</span> <span class='ocrx_word' id='word_1_26' title='bbox 1148 1039 1240 1108; x_wconf 93' lang='lat' dir='ltr'>idem</span> <span class='ocrx_word' id='word_1_27' title='bbox 1257 1039 1420 1106; x_wconf 89' lang='lat' dir='ltr'>damnum</span> 
     </span>
     <span class='ocr_line' id='line_1_6' title="bbox 371 1148 1419 1235; baseline -0.005 -16"><span class='ocrx_word' id='word_1_28' title='bbox 371 1163 598 1232; x_wconf 79' lang='lat' dir='ltr'>contraxerat,</span> <span class='ocrx_word' id='word_1_29' title='bbox 621 1163 737 1235; x_wconf 91' lang='lat' dir='ltr'>aptum</span> <span class='ocrx_word' id='word_1_30' title='bbox 762 1150 969 1233; x_wconf 88' lang='lat' dir='ltr'>explicatum</span> <span class='ocrx_word' id='word_1_31' title='bbox 1000 1166 1070 1215; x_wconf 93' lang='lat' dir='ltr'>non</span> <span class='ocrx_word' id='word_1_32' title='bbox 1094 1148 1248 1216; x_wconf 83' lang='lat' dir='ltr'>admittit.</span> <span class='ocrx_word' id='word_1_33' title='bbox 1293 1150 1419 1215; x_wconf 85' lang='lat' dir='ltr'>etenim</span> 
     </span>
     <span class='ocr_line' id='line_1_7' title="bbox 321 1251 1421 1340; baseline -0.005 -12"><span class='ocrx_word' id='word_1_34' title='bbox 321 1251 325 1260; x_wconf 82' lang='grc'><strong>’</strong></span> <span class='ocrx_word' id='word_1_35' title='bbox 371 1257 523 1328; x_wconf 92' lang='lat' dir='ltr'>Ovidius</span> <span class='ocrx_word' id='word_1_36' title='bbox 547 1256 697 1340; x_wconf 82' lang='lat' dir='ltr'>Scyllam</span> <span class='ocrx_word' id='word_1_37' title='bbox 719 1257 796 1326; x_wconf 90' lang='lat' dir='ltr'>Nisi</span> <span class='ocrx_word' id='word_1_38' title='bbox 830 1255 931 1324; x_wconf 87' lang='lat' dir='ltr'>liliam</span> <span class='ocrx_word' id='word_1_39' title='bbox 967 1276 1045 1324; x_wconf 93' lang='lat' dir='ltr'>cum</span> <span class='ocrx_word' id='word_1_40' title='bbox 1080 1258 1185 1324; x_wconf 91' lang='lat' dir='ltr'>altera</span> <span class='ocrx_word' id='word_1_41' title='bbox 1218 1256 1273 1324; x_wconf 94' lang='lat' dir='ltr'>illa</span> <span class='ocrx_word' id='word_1_42' title='bbox 1296 1255 1421 1340; x_wconf 88' lang='lat' dir='ltr'>Scylla,</span> 
     </span>
     <span class='ocr_line' id='line_1_8' title="bbox 370 1368 1422 1452; baseline -0.005 -16"><span class='ocrx_word' id='word_1_43' title='bbox 370 1387 459 1452; x_wconf 87' lang='lat' dir='ltr'>quae</span> <span class='ocrx_word' id='word_1_44' title='bbox 492 1370 526 1434; x_wconf 93' lang='lat' dir='ltr'>in</span> <span class='ocrx_word' id='word_1_45' title='bbox 560 1379 753 1436; x_wconf 91' lang='lat' dir='ltr'>monstrum</span> <span class='ocrx_word' id='word_1_46' title='bbox 788 1368 957 1433; x_wconf 89' lang='lat' dir='ltr'>marinum</span> <span class='ocrx_word' id='word_1_47' title='bbox 997 1379 1122 1433; x_wconf 88' lang='lat' dir='ltr'>mutata</span> <span class='ocrx_word' id='word_1_48' title='bbox 1157 1379 1224 1449; x_wconf 86' lang='lat' dir='ltr'>est,</span> <span class='ocrx_word' id='word_1_49' title='bbox 1261 1378 1422 1450; x_wconf 88' lang='lat' dir='ltr'>quattuor</span> 
     </span>
     <span class='ocr_line' id='line_1_9' title="bbox 371 1473 878 1560; baseline -0.004 -18"><span class='ocrx_word' id='word_1_50' title='bbox 371 1475 457 1544; x_wconf 90' lang='lat' dir='ltr'>locis</span> <span class='ocrx_word' id='word_1_51' title='bbox 480 1477 694 1560; x_wconf 87' lang='lat' dir='ltr'>permiscuit,</span> <span class='ocrx_word' id='word_1_52' title='bbox 716 1473 878 1542; x_wconf 88' lang='lat' dir='ltr'>videlicet</span> 
     </span>
    </p>
   </div>
   <div class='ocr_carea' id='block_1_3' title="bbox 371 1656 1299 1892">
    <p class='ocr_par' dir='ltr' id='par_1_4' title="bbox 371 1656 1299 1892">
     <span class='ocr_line' id='line_1_10' title="bbox 371 1656 615 1712; baseline 0 -2"><span class='ocrx_word' id='word_1_53' title='bbox 371 1656 434 1712; x_wconf 82' lang='lat' dir='ltr'>Am.</span> <span class='ocrx_word' id='word_1_54' title='bbox 456 1656 497 1710; x_wconf 92' lang='lat' dir='ltr'>lll.</span> <span class='ocrx_word' id='word_1_55' title='bbox 521 1658 562 1710; x_wconf 89' lang='lat'>12.</span> <span class='ocrx_word' id='word_1_56' title='bbox 582 1657 615 1710; x_wconf 88' lang='lat'>21</span> 
     </span>
     <span class='ocr_line' id='line_1_11' title="bbox 692 1739 1221 1808; baseline 0 -15"><span class='ocrx_word' id='word_1_57' title='bbox 692 1739 786 1808; x_wconf 86' lang='lat' dir='ltr'>Scylla</span> <span class='ocrx_word' id='word_1_58' title='bbox 804 1739 875 1807; x_wconf 88' lang='lat' dir='ltr'>patri</span> <span class='ocrx_word' id='word_1_59' title='bbox 893 1753 975 1794; x_wconf 85' lang='lat' dir='ltr'>caros</span> <span class='ocrx_word' id='word_1_60' title='bbox 995 1739 1085 1794; x_wconf 85' lang='lat' dir='ltr'>iurata</span> <span class='ocrx_word' id='word_1_61' title='bbox 1102 1739 1221 1808; x_wconf 87' lang='lat' dir='ltr'>capillos</span> 
     </span>
     <span class='ocr_line' id='line_1_12' title="bbox 613 1821 1299 1892; baseline 0.001 -15"><span class='ocrx_word' id='word_1_62' title='bbox 613 1823 689 1890; x_wconf 88' lang='lat' dir='ltr'>pube</span> <span class='ocrx_word' id='word_1_63' title='bbox 707 1824 811 1892; x_wconf 90' lang='lat' dir='ltr'>premit</span> <span class='ocrx_word' id='word_1_64' title='bbox 827 1821 943 1891; x_wconf 89' lang='lat' dir='ltr'>rapidos</span> <span class='ocrx_word' id='word_1_65' title='bbox 961 1823 1186 1892; x_wconf 78' lang='lat' dir='ltr'>inguinibusque</span> <span class='ocrx_word' id='word_1_66' title='bbox 1204 1837 1299 1878; x_wconf 87' lang='lat' dir='ltr'>canes.</span> 
     </span>
    </p>
   </div>
   <div class='ocr_carea' id='block_1_4' title="bbox 372 1995 1423 2328">
    <p class='ocr_par' dir='ltr' id='par_1_5' title="bbox 372 1995 1423 2328">
     <span class='ocr_line' id='line_1_13' title="bbox 413 1995 1423 2108; baseline -0.004 -15"><span class='ocrx_word' id='word_1_67' title='bbox 413 2024 482 2094; x_wconf 86' lang='lat' dir='ltr'>Ars</span> <span class='ocrx_word' id='word_1_68' title='bbox 505 2044 570 2092; x_wconf 88' lang='lat' dir='ltr'>am.</span> <span class='ocrx_word' id='word_1_69' title='bbox 593 2023 615 2090; x_wconf 91' lang='lat'>1.</span> <span class='ocrx_word' id='word_1_70' title='bbox 639 2029 720 2091; x_wconf 82' lang='lat'>331.</span> <span class='ocrx_word' id='word_1_71' title='bbox 759 2023 816 2090; x_wconf 91' lang='lat' dir='ltr'>ubi</span> <span class='ocrx_word' id='word_1_72' title='bbox 840 2043 925 2092; x_wconf 92' lang='lat' dir='ltr'>suos</span> <span class='ocrx_word' id='word_1_73' title='bbox 947 2043 1073 2092; x_wconf 87' lang='lat' dir='ltr'>versus</span> <span class='ocrx_word' id='word_1_74' title='bbox 1097 1995 1234 2108; x_wconf 89' lang='lat' dir='ltr'>repetiit</span> <span class='ocrx_word' id='word_1_75' title='bbox 1260 2037 1294 2091; x_wconf 89' lang='lat' dir='ltr'>et</span> <span class='ocrx_word' id='word_1_76' title='bbox 1316 2023 1423 2091; x_wconf 92' lang='lat' dir='ltr'>homo</span> 
     </span>
     <span class='ocr_line' id='line_1_14' title="bbox 373 2129 1422 2202; baseline -0.004 0"><span class='ocrx_word' id='word_1_77' title='bbox 373 2135 496 2202; x_wconf 92' lang='lat' dir='ltr'>doctus</span> <span class='ocrx_word' id='word_1_78' title='bbox 519 2131 690 2201; x_wconf 81' lang='lat' dir='ltr'>manifesti</span> <span class='ocrx_word' id='word_1_79' title='bbox 714 2135 845 2201; x_wconf 87' lang='lat' dir='ltr'>erroris</span> <span class='ocrx_word' id='word_1_80' title='bbox 868 2132 1011 2202; x_wconf 91' lang='lat' dir='ltr'>tollendi</span> <span class='ocrx_word' id='word_1_81' title='bbox 1035 2129 1137 2200; x_wconf 87' lang='lat' dir='ltr'>causa</span> <span class='ocrx_word' id='word_1_82' title='bbox 1172 2133 1261 2200; x_wconf 91' lang='lat' dir='ltr'>duos</span> <span class='ocrx_word' id='word_1_83' title='bbox 1294 2149 1422 2200; x_wconf 90' lang='lat' dir='ltr'>versus</span> 
     </span>
     <span class='ocr_line' id='line_1_15' title="bbox 372 2241 606 2328; baseline -0.004 -19"><span class='ocrx_word' id='word_1_84' title='bbox 372 2241 606 2328; x_wconf 91' lang='lat' dir='ltr'>interpolavit:</span> 
     </span>
    </p>
   </div>
   <div class='ocr_carea' id='block_1_5' title="bbox 471 2424 1322 2745">
    <p class='ocr_par' dir='ltr' id='par_1_6' title="bbox 471 2424 1322 2745">
     <span class='ocr_line' id='line_1_16' title="bbox 471 2424 1037 2492; baseline 0 -14"><span class='ocrx_word' id='word_1_85' title='bbox 471 2425 530 2479; x_wconf 83' lang='lat' dir='ltr'>fllia</span> <span class='ocrx_word' id='word_1_86' title='bbox 547 2439 708 2492; x_wconf 88' lang='lat' dir='ltr'>purpureos</span> <span class='ocrx_word' id='word_1_87' title='bbox 728 2424 790 2479; x_wconf 89' lang='lat' dir='ltr'>Nisi</span> <span class='ocrx_word' id='word_1_88' title='bbox 810 2425 900 2478; x_wconf 88' lang='lat' dir='ltr'>iurata</span> <span class='ocrx_word' id='word_1_89' title='bbox 917 2425 1037 2492; x_wconf 86' lang='lat' dir='ltr'>capillos</span> 
     </span>
     <span class='ocr_line' id='line_1_17' title="bbox 522 2507 1221 2576; baseline -0.001 -14"><span class='ocrx_word' id='word_1_90' title='bbox 522 2507 611 2576; x_wconf 91' lang='lat' dir='ltr'>[bunc</span> <span class='ocrx_word' id='word_1_91' title='bbox 628 2508 743 2564; x_wconf 91' lang='lat' dir='ltr'>bostem</span> <span class='ocrx_word' id='word_1_92' title='bbox 762 2510 867 2576; x_wconf 91' lang='lat' dir='ltr'>patitur</span> <span class='ocrx_word' id='word_1_93' title='bbox 888 2523 953 2562; x_wconf 92' lang='lat' dir='ltr'>cum</span> <span class='ocrx_word' id='word_1_94' title='bbox 973 2509 1092 2576; x_wconf 89' lang='lat' dir='ltr'>reliquls</span> <span class='ocrx_word' id='word_1_95' title='bbox 1111 2509 1221 2562; x_wconf 87' lang='lat' dir='ltr'>avibus.</span> 
     </span>
     <span class='ocr_line' id='line_1_18' title="bbox 471 2589 1322 2660; baseline -0.002 -15"><span class='ocrx_word' id='word_1_96' title='bbox 471 2593 559 2646; x_wconf 92' lang='lat' dir='ltr'>altera</span> <span class='ocrx_word' id='word_1_97' title='bbox 578 2591 673 2660; x_wconf 86' lang='lat' dir='ltr'>Scylla</span> <span class='ocrx_word' id='word_1_98' title='bbox 690 2607 797 2646; x_wconf 90' lang='lat' dir='ltr'>novum</span> <span class='ocrx_word' id='word_1_99' title='bbox 816 2591 918 2647; x_wconf 86' lang='lat' dir='ltr'>Circes</span> <span class='ocrx_word' id='word_1_100' title='bbox 936 2591 1128 2648; x_wconf 83' lang='lat' dir='ltr'>medicamine</span> <span class='ocrx_word' id='word_1_101' title='bbox 1146 2589 1322 2658; x_wconf 90' lang='lat' dir='ltr'>monstrum]</span> 
     </span>
     <span class='ocr_line' id='line_1_19' title="bbox 522 2676 1210 2745; baseline -0.003 -15"><span class='ocrx_word' id='word_1_102' title='bbox 522 2676 597 2743; x_wconf 90' lang='lat' dir='ltr'>pube</span> <span class='ocrx_word' id='word_1_103' title='bbox 615 2677 719 2744; x_wconf 91' lang='lat' dir='ltr'>premit</span> <span class='ocrx_word' id='word_1_104' title='bbox 737 2677 851 2744; x_wconf 90' lang='lat' dir='ltr'>rapidos</span> <span class='ocrx_word' id='word_1_105' title='bbox 870 2676 1095 2745; x_wconf 76' lang='lat' dir='ltr'>inguinibusque</span> <span class='ocrx_word' id='word_1_106' title='bbox 1114 2689 1210 2728; x_wconf 86' lang='lat' dir='ltr'>canes.</span> 
     </span>
    </p>
   </div>
   <div class='ocr_carea' id='block_1_6' title="bbox 372 2808 1265 2986">
    <p class='ocr_par' dir='ltr' id='par_1_7' title="bbox 372 2808 1265 2986">
     <span class='ocr_line' id='line_1_20' title="bbox 372 2808 1265 2876; baseline -0.004 -12"><span class='ocrx_word' id='word_1_107' title='bbox 372 2811 452 2864; x_wconf 87' lang='lat' dir='ltr'>Rem.</span> <span class='ocrx_word' id='word_1_108' title='bbox 465 2809 585 2864; x_wconf 74' lang='lat' dir='ltr'>amasa</span> <span class='ocrx_word' id='word_1_109' title='bbox 621 2810 773 2876; x_wconf 84' lang='lat' dir='ltr'>praeterita</span> <span class='ocrx_word' id='word_1_110' title='bbox 791 2817 891 2863; x_wconf 89' lang='lat' dir='ltr'>cautus</span> <span class='ocrx_word' id='word_1_111' title='bbox 911 2808 1031 2862; x_wconf 87' lang='lat' dir='ltr'>Niseide</span> <span class='ocrx_word' id='word_1_112' title='bbox 1049 2809 1143 2862; x_wconf 84' lang='lat' dir='ltr'>navita</span> <span class='ocrx_word' id='word_1_113' title='bbox 1161 2809 1265 2875; x_wconf 80' lang='lat' dir='ltr'>gaudet</span> 
     </span>
     <span class='ocr_line' id='line_1_21' title="bbox 373 2917 1249 2986; baseline 0 -16"><span class='ocrx_word' id='word_1_114' title='bbox 373 2919 445 2972; x_wconf 87' lang='lat' dir='ltr'>Fast.</span> <span class='ocrx_word' id='word_1_115' title='bbox 463 2917 508 2972; x_wconf 89' lang='lat' dir='ltr'>IV.</span> <span class='ocrx_word' id='word_1_116' title='bbox 525 2918 580 2972; x_wconf 81' lang='lat'>500</span> <span class='ocrx_word' id='word_1_117' title='bbox 716 2918 823 2983; x_wconf 86' lang='lat' dir='ltr'>Nisaei‚</span> <span class='ocrx_word' id='word_1_118' title='bbox 841 2917 979 2986; x_wconf 77' lang='lat' dir='ltr'>naulraga</span> <span class='ocrx_word' id='word_1_119' title='bbox 998 2926 1135 2984; x_wconf 86' lang='lat' dir='ltr'>monstra,</span> <span class='ocrx_word' id='word_1_120' title='bbox 1153 2931 1249 2971; x_wconf 86' lang='lat' dir='ltr'>canes.</span> 
     </span>
    </p>
   </div>
   <div class='ocr_carea' id='block_1_7' title="bbox 372 3107 1426 3740">
    <p class='ocr_par' dir='ltr' id='par_1_8' title="bbox 372 3107 1426 3740">
     <span class='ocr_line' id='line_1_22' title="bbox 415 3107 1423 3195; baseline 0 -17"><span class='ocrx_word' id='word_1_121' title='bbox 415 3129 530 3194; x_wconf 88' lang='lat' dir='ltr'>nem0,</span> <span class='ocrx_word' id='word_1_122' title='bbox 562 3125 614 3178; x_wconf 90' lang='lat' dir='ltr'>sat</span> <span class='ocrx_word' id='word_1_123' title='bbox 648 3114 734 3194; x_wconf 87' lang='lat' dir='ltr'>scic,</span> <span class='ocrx_word' id='word_1_124' title='bbox 767 3109 865 3178; x_wconf 85' lang='lat' dir='ltr'>facile</span> <span class='ocrx_word' id='word_1_125' title='bbox 888 3110 1121 3195; x_wconf 88' lang='lat' dir='ltr'>suspicabitur</span> <span class='ocrx_word' id='word_1_126' title='bbox 1153 3113 1219 3179; x_wconf 93' lang='lat' dir='ltr'>iam</span> <span class='ocrx_word' id='word_1_127' title='bbox 1244 3107 1423 3180; x_wconf 90' lang='lat' dir='ltr'>Graecum</span> 
     </span>
     <span class='ocr_line' id='line_1_23' title="bbox 372 3217 1424 3307; baseline -0.002 -19"><span class='ocrx_word' id='word_1_128' title='bbox 372 3234 510 3307; x_wconf 91' lang='lat' dir='ltr'>poetam</span> <span class='ocrx_word' id='word_1_129' title='bbox 533 3233 610 3288; x_wconf 91' lang='lat' dir='ltr'>ante</span> <span class='ocrx_word' id='word_1_130' title='bbox 628 3217 797 3288; x_wconf 94' lang='lat' dir='ltr'>Ovidium</span> <span class='ocrx_word' id='word_1_131' title='bbox 821 3220 886 3288; x_wconf 90' lang='lat' dir='ltr'>tale</span> <span class='ocrx_word' id='word_1_132' title='bbox 909 3221 993 3304; x_wconf 87' lang='lat' dir='ltr'>quid</span> <span class='ocrx_word' id='word_1_133' title='bbox 1016 3239 1182 3304; x_wconf 90' lang='lat' dir='ltr'>novasse;</span> <span class='ocrx_word' id='word_1_134' title='bbox 1205 3239 1283 3288; x_wconf 93' lang='lat' dir='ltr'>nam</span> <span class='ocrx_word' id='word_1_135' title='bbox 1308 3239 1424 3306; x_wconf 89' lang='lat' dir='ltr'>neque</span> 
     </span>
     <span class='ocr_line' id='line_1_24' title="bbox 372 3329 1426 3414; baseline 0 -18"><span class='ocrx_word' id='word_1_136' title='bbox 372 3329 464 3413; x_wconf 92' lang='lat' dir='ltr'>apud</span> <span class='ocrx_word' id='word_1_137' title='bbox 498 3343 618 3414; x_wconf 92' lang='lat' dir='ltr'>poetas</span> <span class='ocrx_word' id='word_1_138' title='bbox 641 3346 755 3414; x_wconf 86' lang='lat' dir='ltr'>neque</span> <span class='ocrx_word' id='word_1_139' title='bbox 778 3329 870 3413; x_wconf 91' lang='lat' dir='ltr'>apud</span> <span class='ocrx_word' id='word_1_140' title='bbox 893 3329 1165 3414; x_wconf 85' lang='lat' dir='ltr'>mythographos</span> <span class='ocrx_word' id='word_1_141' title='bbox 1199 3329 1307 3397; x_wconf 91' lang='lat' dir='ltr'>ullum</span> <span class='ocrx_word' id='word_1_142' title='bbox 1332 3331 1426 3397; x_wconf 89' lang='lat' dir='ltr'>aliud</span> 
     </span>
     <span class='ocr_line' id='line_1_25' title="bbox 373 3435 1425 3522; baseline 0.001 -17"><span class='ocrx_word' id='word_1_143' title='bbox 373 3452 439 3505; x_wconf 89' lang='lat' dir='ltr'>tam</span> <span class='ocrx_word' id='word_1_144' title='bbox 477 3439 584 3506; x_wconf 91' lang='lat' dir='ltr'>mirae</span> <span class='ocrx_word' id='word_1_145' title='bbox 628 3435 844 3505; x_wconf 86' lang='lat' dir='ltr'>confusionis</span> <span class='ocrx_word' id='word_1_146' title='bbox 890 3451 980 3505; x_wconf 90' lang='lat' dir='ltr'>extat</span> <span class='ocrx_word' id='word_1_147' title='bbox 1017 3439 1265 3505; x_wconf 91' lang='lat' dir='ltr'>documentum</span> <span class='ocrx_word' id='word_1_148' title='bbox 1309 3457 1425 3522; x_wconf 85' lang='lat' dir='ltr'>neque</span> 
     </span>
     <span class='ocr_line' id='line_1_26' title="bbox 372 3545 1424 3631; baseline 0 -17"><span class='ocrx_word' id='word_1_149' title='bbox 372 3545 517 3615; x_wconf 89' lang='lat' dir='ltr'>Tzetzae</span> <span class='ocrx_word' id='word_1_150' title='bbox 541 3549 574 3614; x_wconf 94' lang='lat' dir='ltr'>in</span> <span class='ocrx_word' id='word_1_151' title='bbox 598 3546 720 3614; x_wconf 90' lang='lat' dir='ltr'>talibus</span> <span class='ocrx_word' id='word_1_152' title='bbox 754 3546 859 3615; x_wconf 90' lang='lat' dir='ltr'>rebus</span> <span class='ocrx_word' id='word_1_153' title='bbox 883 3546 950 3614; x_wconf 88' lang='lat' dir='ltr'>ulla</span> <span class='ocrx_word' id='word_1_154' title='bbox 984 3561 1036 3614; x_wconf 88' lang='lat' dir='ltr'>est</span> <span class='ocrx_word' id='word_1_155' title='bbox 1058 3548 1252 3631; x_wconf 80' lang='lat' dir='ltr'>auctoritas,</span> <span class='ocrx_word' id='word_1_156' title='bbox 1285 3550 1345 3630; x_wconf 85' lang='lat' dir='ltr'>qui</span> <span class='ocrx_word' id='word_1_157' title='bbox 1381 3548 1424 3614; x_wconf 91' lang='lat' dir='ltr'>de</span> 
     </span>
     <span class='ocr_line' id='line_1_27' title="bbox 372 3653 1163 3740; baseline -0.004 -16"><span class='ocrx_word' id='word_1_158' title='bbox 372 3654 486 3740; x_wconf 88' lang='lat' dir='ltr'>Scylla</span> <span class='ocrx_word' id='word_1_159' title='bbox 510 3669 666 3722; x_wconf 91' lang='lat' dir='ltr'>monstro</span> <span class='ocrx_word' id='word_1_160' title='bbox 690 3657 823 3723; x_wconf 88' lang='lat' dir='ltr'>marino</span> <span class='ocrx_word' id='word_1_161' title='bbox 847 3655 1021 3723; x_wconf 87' lang='lat' dir='ltr'>adnotavit</span> <span class='ocrx_word' id='word_1_162' title='bbox 1044 3653 1163 3739; x_wconf 70' lang='lat' dir='ltr'>(zlilt</span> 
     </span>
    </p>
   </div>
   <div class='ocr_carea' id='block_1_8' title="bbox 502 3777 1308 3882">
    <p class='ocr_par' dir='ltr' id='par_1_9' title="bbox 502 3777 1308 3882">
     <span class='ocr_line' id='line_1_28' title="bbox 502 3777 1308 3882; baseline 0 -38"><span class='ocrx_word' id='word_1_163' title='bbox 502 3777 576 3844; x_wconf 79' lang='grc' dir='ltr'>κατ’</span> <span class='ocrx_word' id='word_1_164' title='bbox 598 3781 653 3863; x_wconf 71' lang='grc' dir='ltr'>ἐμὲ</span> <span class='ocrx_word' id='word_1_165' title='bbox 675 3778 821 3867; x_wconf 66' lang='grc' dir='ltr'>θυγάτηρ</span> <span class='ocrx_word' id='word_1_166' title='bbox 842 3778 881 3865; x_wconf 80' lang='grc' dir='ltr'>ἦν</span> <span class='ocrx_word' id='word_1_167' title='bbox 902 3787 1005 3846; x_wconf 78' lang='grc' dir='ltr'><strong><em>Νίσου</em></strong></span> <span class='ocrx_word' id='word_1_168' title='bbox 1027 3787 1084 3847; x_wconf 81' lang='grc' dir='ltr'>τοῦ</span> <span class='ocrx_word' id='word_1_169' title='bbox 1108 3785 1308 3882; x_wconf 63' lang='grc' dir='ltr'>Μεγαρέως.1</span> 
     </span>
    </p>
   </div>
   <div class='ocr_carea' id='block_1_9' title="bbox 406 4011 787 4166">
    <p class='ocr_par' dir='ltr' id='par_1_10' title="bbox 406 4011 787 4166">
     <span class='ocr_line' id='line_1_29' title="bbox 406 4011 787 4082; baseline -0.003 -14"><span class='ocrx_word' id='word_1_170' title='bbox 406 4011 482 4081; x_wconf 79' lang='grc'><strong>(216)</strong></span> <span class='ocrx_word' id='word_1_171' title='bbox 501 4013 572 4069; x_wconf 81' lang='lat' dir='ltr'>Fast.</span> <span class='ocrx_word' id='word_1_172' title='bbox 592 4012 639 4066; x_wconf 91' lang='lat' dir='ltr'>lV.</span> <span class='ocrx_word' id='word_1_173' title='bbox 660 4013 712 4067; x_wconf 87' lang='lat'>172</span> <span class='ocrx_word' id='word_1_174' title='bbox 724 4029 787 4082; x_wconf 89' lang='lat' dir='ltr'>sqq.</span> 
     </span>
     <span class='ocr_line' id='line_1_30' title="bbox 406 4096 696 4166; baseline 0 -16"><span class='ocrx_word' id='word_1_175' title='bbox 406 4096 481 4163; x_wconf 86' lang='lat'><strong>(217)</strong></span> <span class='ocrx_word' id='word_1_176' title='bbox 499 4098 533 4151; x_wconf 86' lang='lat' dir='ltr'>ad</span> <span class='ocrx_word' id='word_1_177' title='bbox 552 4096 617 4166; x_wconf 88' lang='lat' dir='ltr'>Lyc.</span> <span class='ocrx_word' id='word_1_178' title='bbox 633 4096 696 4150; x_wconf 80' lang='grc'><strong>650.</strong></span> 
     </span>
    </p>
   </div>
   <div class='ocr_carea' id='block_1_10' title="bbox 0 0 1508 5168">
    <p class='ocr_par' dir='ltr' id='par_1_11' title="bbox 0 0 1508 5168">
     <span class='ocr_line' id='line_1_31' title="bbox 0 0 1508 5168; baseline 0 0"><span class='ocrx_word' id='word_1_179' title='bbox 0 0 1508 5168; x_wconf 95' lang='lat' dir='ltr'> </span> 
     </span>
    </p>
   </div>
  </div>
 </body>
</html>
