3000 5168
600 493 720 600 tlt)

85 666 223 750 -apud
246 664 469 734 Herodotum
492 662 634 746 Cadmi,
651 666 882 751 peregrinatio
914 664 1048 730 sororis
1081 681 1186 748 quae-

82 813 84 816 ·
130 775 261 843 rendae
284 793 387 842 causa
410 787 572 859 suscepta
594 787 888 842 commemoratur
904 771 1006 856 (170)
1031 775 1064 840 in
1087 771 1185 840 Euri·

130 883 222 966 pidis
255 882 529 968 Phoenissamm
562 885 693 952 cantico
718 881 820 967 (171)
856 879 981 951 Cadmi
1015 882 1184 950 adventus

129 995 164 1060 in
188 991 371 1060 Boeotiam
406 995 676 1078 certaminisque
709 1011 789 1060 cum
821 1009 932 1077 angue
965 990 1090 1060 Martio
1125 991 1185 1058 de·

130 1104 273 1186 scriptio
298 1103 470 1170 eiusmodi
494 1116 547 1171 est
569 1116 605 1169 ut
627 1101 719 1170 nulla
734 1104 824 1170 inter
839 1101 927 1170 hanc
949 1116 983 1169 et
1005 1101 1183 1170 oraculum

130 1229 236 1295 supra
270 1211 407 1279 allatum
441 1212 672 1296 discrepantia
705 1214 758 1295 sit,
791 1229 998 1296 quamquam
1032 1210 1089 1278 hic
1115 1210 1184 1277 illic

129 1319 193 1387 alia
216 1319 328 1388 fusius
351 1320 415 1388 alia
437 1320 579 1389 brevius
602 1333 793 1388 narrantur.
823 1319 1065 1406 mythographi
1088 1319 1185 1387 deni·

129 1447 198 1513 que
221 1432 436 1498 recentiores
459 1443 526 1498 tam
550 1448 629 1498 cum
646 1430 788 1500 oraculo
804 1448 906 1515 quam
924 1447 1002 1498 cum
1017 1427 1184 1514 Euripide

130 1541 350 1607 consentiunt
374 1537 488 1624 (172).

171 1647 362 1716 rationibus
386 1649 565 1718 subductis
581 1648 822 1716 concludimus
842 1646 990 1716 fabulam
1006 1645 1183 1732 vulgarem

128 1754 274 1825 fluxisse
297 1776 342 1825 ex
364 1756 647 1842 excerptionibus
670 1759 861 1826 carminum
885 1758 1076 1840 epicorum.
1116 1755 1184 1824 hoc

129 1866 235 1933 modo
259 1869 351 1935 enim
375 1879 490 1935 tecum
513 1880 644 1952 reputa.
688 1864 801 1934 fabula
816 1864 977 1950 Europae
1000 1879 1033 1932 et
1057 1861 1183 1933 Cadmi

128 1976 273 2042 omnino
307 1975 559 2043 ecarminibus
593 1977 702 2060 epicis
725 1972 833 2043 fluxit.
878 1973 962 2042 illud
996 1985 1124 2041 tantum
1148 1977 1182 2041 in

127 2086 369 2169 quaestionem
390 2085 586 2154 vocandum
621 2098 673 2153 est
705 2083 878 2152 fuerintne
900 2086 1091 2168 scriptores
1124 2085 1182 2168 qui

128 2211 194 2261 suo
229 2191 392 2262 arbitratu
430 2194 599 2279 quaedam
633 2196 843 2262 immutarint
876 2195 910 2260 in
944 2191 1051 2278 ligura
1085 2195 1182 2277 epica

127 2314 324 2386 tantamque
339 2305 575 2372 auctoritatem
598 2305 687 2371 nacti
710 2305 778 2370 sint
800 2315 836 2370 ut
858 2301 1101 2386 mythographi
1124 2303 1183 2387 qui

126 2413 284 2496 antiquas
307 2409 439 2480 fabulas
461 2394 680 2480 sectabantur
702 2405 825 2480 eorum
847 2413 986 2479 inventa
1008 2423 1181 2496 tamquam

125 2523 275 2604 genuina
302 2518 438 2589 fabulae
463 2520 679 2605 lineamenta,
706 2535 742 2588 ut
764 2522 809 2589 lta
831 2521 955 2603 dicam,
977 2521 1182 2605 receperint.

126 2629 291 2712 equidem
314 2647 461 2714 prorsus
484 2629 617 2698 nullum
640 2632 791 2715 reperio.
834 2631 888 2698 sin
921 2642 1036 2697 autem
1058 2647 1182 2698 verum

126 2738 216 2805 vidit
237 2736 437 2807 Fridericus
470 2737 574 2823 Spiro
599 2737 714 2822 (173),
748 2740 917 2806 cauticum
951 2736 1036 2805 illud
1069 2736 1183 2806 Phoe·

161 3031 235 3099 tiro)
253 3031 285 3086 ιι.
301 3031 348 3099 to,
369 3031 415 3086 1v.
435 3031 496 3099 147,
513 2994 599 3086 v.'st
611 3046 654 3100 sq.

162 3123 237 3191 (ιιι)
255 3125 409 3180 οοο-οιο.

162 3217 237 3284 (172)
256 3217 323 3273 bibl.
342 3216 436 3286 Apoll.
453 3217 495 3271 lll.
513 3218 550 3271 22
576 3225 670 3272 narrat
693 3217 836 3273 Cadmum
860 3232 926 3273 cum
951 3232 1003 3286 per
1025 3217 1182 3272 Phocidem

128 3302 182 3355 iter
205 3301 315 3356 iaceret
338 3301 403 3355 bovi
427 3301 566 3357 incidisse
591 3302 622 3354 iv
647 3304 701 3362 τοῖς
725 3298 892 3370 πολιίγονιος
916 3303 1074 3369 βουκολίοις.
1108 3301 1185 3370 Hyp.

130 3383 184 3438 lab.
206 3386 269 3440 178:
288 3387 326 3441 ibi
345 3400 519 3454 responsum
539 3387 657 3455 accepit,
674 3394 706 3441 ut
722 3401 739 3440 a
756 3386 922 3454 pastoribus
940 3387 1044 3442 bovem
1064 3394 1183 3453 emeret,

76 3465 78 3468 ’
129 3469 177 3536 qui
189 3468 287 3524 Lunae
299 3470 415 3539 signum
428 3470 517 3525 latete
530 3467 648 3526 haberet
660 3484 783 3539 eamque
794 3478 860 3525 ante
872 3480 906 3526 se
918 3480 1022 3540 ageret.
1042 3471 1127 3526 Paos.
1138 3469 1182 3524 lx.

131 3551 171 3604 12.
193 3554 202 3605 l
232 3553 334 3620 λέγεται
359 3551 389 3606 ol
414 3553 460 3605 atati
486 3550 531 3607 ὅδε
557 3550 601 3606 ὕπ’
623 3553 710 3608 αὐτῶν
735 3550 814 3621 λόγος
840 3553 877 3614 ὥς
898 3551 1006 3608 ἀπιόντι
1022 3556 1051 3607 ἐν
1068 3553 1182 3623 Δελφοῖν

129 3634 236 3708 Κάδμῳ
252 3637 298 3702 τὴν
315 3636 360 3690 int
378 3637 498 3690 Φωκέων
521 3637 586 3705 βοῦς
612 3638 712 3703 γένοιτο
738 3636 848 3707 ἡγεμών
872 3639 916 3703 τῆς
940 3640 1062 3710 πορείας,
1086 3639 1135 3704 τὴν
1152 3637 1182 3692 δι’·

127 3721 195 3787 βοῦν
216 3719 309 3786 ταύτην
330 3721 403 3792 παρὰ
427 3721 565 3786 βουκόλων
589 3722 662 3775 εἶναι
685 3721 737 3776 ιιόν
756 3719 920 3789 Πελάγοντος
945 3717 1056 3790 ὠνητῆν·
1084 3720 1129 3774 tut
1151 3720 1182 3776 dl

127 3803 234 3877 ἑκατέρᾳ
250 3804 294 3869 τῆς
309 3804 374 3871 βοὸς
399 3805 500 3878 πλευρᾷ
525 3808 637 3872 σημεῖον
662 3807 765 3859 ἐπεῖναι
789 3807 887 3860 λευκὸν
911 3807 1069 3879 εἰκασμένον
1094 3803 1181 3875 κύκλῳ

127 3886 171 3951 τῆς
186 3885 298 3953 coitione
315 3885 392 3942 ὁπότε
409 3889 447 3954 εἴη
464 3887 571 3961 πλήρης.
663 3925 665 3929 f

161 3975 237 4044 (173)
255 3978 292 4031 de
304 3977 448 4046 Euripidis
466 3978 646 4034 Phoenissis.
672 3981 742 4036 diss.
758 3980 854 4036 Berol.
875 3982 945 4034 1884
963 3980 1097 4049 pas-ld.
1124 3981 1179 4034 iam

129 4058 254 4114 Cruslus
272 4062 290 4115 l.
308 4062 326 4115 1.
345 4059 457 4128 Spironi
477 4063 523 4117 hlc
540 4063 599 4118 illic
616 4065 784 4119 adversatus
803 4073 854 4119 est.
