3000 5168
463 518 659 646 (89)

118 711 321 795 Neptunum
355 713 447 780 enirn
483 723 602 778 notum
636 724 689 780 est
721 712 840 794 specie
875 709 997 794 Enipei
1030 707 1125 794 Tyro

79 820 273 904 decepisse,
297 837 419 903 exoua
442 820 634 904 procrearit
656 818 773 888 Pelian
798 831 831 888 et
846 818 995 888 Neleum
1011 816 1125 902 (209),

78 929 220 998 Aloidas
242 945 328 998 vero
352 948 396 998 ex
419 927 608 1012 Iphimedia
631 926 732 996 Aloei
756 929 902 1012 coniuge
927 925 1041 1010 (210).

116 1037 453 1122 Metamorphoseon
487 1036 584 1104 libris
617 1033 690 1104 XIII
725 1049 758 1104 et
780 1034 857 1102 XIV
884 1035 963 1104 licet
995 1038 1124 1121 passim

78 1161 195 1231 aperte
219 1145 349 1230 Vergili
373 1145 528 1215 Aeneida
551 1159 716 1228 sequatur
739 1158 851 1230 poeta,
885 1159 998 1216 tamen
1022 1147 1126 1214 inter-

78 1257 158 1324 dum
181 1275 327 1340 operam
361 1257 418 1324 dat
451 1269 486 1322 ut
509 1258 740 1326 narrationem
763 1273 861 1326 suam
895 1254 936 1322 ab
960 1253 1125 1340 exemplo
1165 1253 1168 1263 '

76 1364 323 1449 aliquantulum
340 1366 513 1434 diversam
531 1364 660 1432 reddat.
692 1364 787 1432 velut
803 1382 930 1436 nomen
948 1362 1125 1448 Harpyiae

77 1472 256 1542 Celaenus
280 1472 382 1558 (211)
417 1476 590 1542 varietatis
624 1476 728 1558 gratia
752 1475 923 1544 convertit
956 1475 990 1540 in
1013 1472 1125 1555 Aello,

76 1583 170 1665 quod
187 1601 316 1651 nomen
334 1581 512 1666 Harpyiae
529 1585 630 1650 etiam
647 1601 691 1649 ex
708 1581 867 1649 Hesiodo
886 1580 988 1665 (212)
1006 1593 1124 1648 notum

76 1706 135 1759 cst.
182 1711 305 1758 rursus
339 1694 441 1778 igitur
473 1691 769 1778 deprehendimus
797 1703 933 1774 poetam
968 1692 1012 1758 de
1037 1689 1126 1758 Har·

75 1805 168 1885 pyiis
191 1801 290 1872 solita
313 1801 466 1872 subsidia
490 1801 722 1870 evolventem.

114 1912 161 1978 ad
184 1910 294 1979 hosce
309 1910 643 1994 Metamorphoseon
668 1909 765 1976 locos
789 1912 889 1993 pauci
912 1909 1053 1993 quidem
1070 1908 1124 1975 alii

73 2020 241 2088 accedant
273 2037 317 2088 ex
351 2019 425 2086 aliis
448 2017 544 2086 libris
568 2021 673 2103 petiti,
707 2020 840 2102 primus
870 2037 914 2086 ex
936 2016 1124 2086 Amoribus

75 2126 193 2211 (213),
216 2127 274 2196 ubi
298 2110 526 2198 recensentur
549 2127 695 2211 puellae,
718 2146 804 2212 quas
827 2125 923 2200 fluvii
947 2143 1126 2210 compres-

74 2250 208 2319 serunt,
241 2237 326 2304 alter
349 2256 393 2304 ex
416 2235 574 2305 Heroide
598 2235 673 2302 XIX
698 2234 813 2319 (214),
840 2235 898 2302 ubi
921 2253 1008 2318 quas
1031 2234 1126 2319 Nell-

74 2361 182 2413 tunus
206 2349 340 2428 amavit,
364 2359 610 2414 enumerantur
633 2345 833 2430 complures
851 2344 992 2429 quidem
1012 2342 1125 2427 (215),

71 2475 198 2524 verum
223 2473 292 2522 non
316 2473 450 2538 omnes,
472 2455 645 2538 quuidem
669 2457 779 2540 pergit
802 2451 968 2521 Ovidius:

73 2638 124 2692 tao
184 2645 211 2690 et
229 2652 350 2705 quarum
370 2637 489 2692 memini
507 2639 626 2692 nomina
644 2638 717 2691 lecta
735 2637 814 2692 milti.

186 2722 238 2774 has
257 2731 335 2775 certe
353 2721 510 2790 pluresque
529 2729 643 2788 canunt,
662 2720 806 2788 Neptune,
823 2727 925 2788 poetae

186 2805 275 2860 molle
293 2805 367 2860 latus
386 2805 465 2862 lateri
485 2806 689 2872 composuisse
707 2815 765 2862 tuo.

111 2974 270 3039 sentisne
304 2971 360 3038 hic
394 2975 508 3056 ipsum
536 2985 673 3056 poetam
707 2973 812 3055 loqui,
846 2989 916 3038 non
950 2973 1005 3038 cui
1040 2969 1124 3038 haec

71 3078 183 3150 verba
207 3079 404 3148 tribuuntur
426 3079 573 3150 Sestiam
596 3081 775 3166 puellam?

101 3344 181 3412 (209)
201 3347 267 3401 bibl.
285 3346 380 3414 npoit.
398 3347 416 3400 1.
434 3348 478 3402 90.

101 3429 181 3498 (210)
199 3430 264 3484 bibl.
283 3429 378 3498 npott.
396 3430 414 3482 I.
432 3433 474 3486 53.

101 3512 180 3581 (211)
199 3512 283 3582 Verg.
302 3513 372 3568 Aen.
392 3514 433 3567 III.
450 3515 513 3568 211.
531 3513 594 3567 245.
610 3516 673 3568 365.
691 3516 754 3569 713.

101 3595 180 3663 (212)
199 3597 269 3650 Hes.
286 3595 392 3665 Theog.
410 3597 472 3652 267.
503 3599 570 3652 bIbl.
588 3598 682 3666 Apoll.
701 3599 720 3652 I.
741 3600 784 3653 10.
805 3641 808 3652 .

100 3676 180 3747 (213)
199 3679 241 3733 lII.
252 3679 279 3734 6.
289 3681 327 3734 23
336 3695 399 3749 sqq.
423 3682 471 3736 ubi
489 3682 560 3736 ordo
579 3682 736 3737 litterarum
755 3697 813 3738 non
833 3697 952 3752 prorsus
971 3684 1126 3742 evanuisse

66 3765 192 3818 videtur.
374 3818 376 3822 .

99 3847 178 3914 (214)
201 3848 252 3901 129
265 3862 327 3917 sqq.

99 3929 178 3998 (215)
197 3931 361 4000 Amymone
372 3931 447 4000 Tyro
460 3933 588 4002 Alcyone
599 3934 707 4003 Calyce
720 3935 843 3990 Medusa
853 3937 975 3990 Laudice
987 3934 1125 3990 Celaeno.

65 4014 184 4068 Metam.
203 4014 248 4069 VI.
269 4016 413 4070 115-120
440 4018 599 4072 innuuntur
621 4017 737 4086 Canace
758 4019 833 4088 Tyro
855 4020 1012 4088 Iphimedia
1032 4017 1124 4073 Theo·

65 4099 163 4166 phane
182 4096 275 4152 Ceres
294 4099 415 4155 Medusa
433 4099 588 4155 Melantho,
1071 4105 1073 4108 '
