3000 5168
539 561 658 671 (ii)

115 731 307 800 Pausaniae
341 745 454 799 autem
492 737 603 800 aetate
636 732 814 818 Triphylia
848 734 935 802 Elidi
968 735 1125 803 attributa

74 853 162 908 erat:

115 965 170 1034 IV.
186 971 244 1034 20.
260 971 282 1034 2
299 965 422 1050 (Neda
442 966 587 1052 flumen)
611 967 706 1056 ὁρίζει
726 967 769 1034 τὰ
786 973 843 1036 ἐπὶ
863 969 1015 1062 θαλάσσῃ
1030 977 1125 1036 Μεσ-

71 1081 193 1162 σηνίοις
213 1077 267 1142 καί
285 1073 421 1155 Ἠλείοις
441 1075 500 1162 τιζν
520 1076 589 1163 γῆν.

114 1200 169 1268 IV.
193 1206 250 1269 36.
272 1205 306 1269 7.
341 1200 422 1268 κατὰ
442 1198 539 1270 τοῦτο
560 1201 579 1270 δ
604 1201 755 1293 ποταμὸς
779 1201 797 1289 ἢ
820 1205 910 1270 Νέδα
929 1206 1051 1287 μεταξὺ
1072 1208 1126 1290 σῆς

70 1335 105 1375 σε
129 1316 319 1398 Μεσσηνίας
338 1310 397 1399 ἢδη
417 1313 471 1376 καὶ
493 1309 548 1397 τῆς
564 1309 691 1390 Ἠλείας
711 1312 862 1392 διέξεισιν
885 1311 974 1396 (42).

117 1439 231 1504 neque
254 1418 433 1488 Strabonis
456 1435 564 1489 aetate
588 1441 645 1489 res
668 1421 766 1490 aliter
788 1442 827 1490 se
850 1421 1010 1490 habebat:

112 1535 197 1604 vili.
220 1555 253 1622 p.
269 1541 351 1604 348.
373 1539 444 1604 νον)
459 1539 520 1622 μὲν
541 1535 600 1605 οὖν
620 1535 659 1630 τῇ
675 1538 835 1627 Τριφυλία
849 1535 934 1626 πρδς
954 1536 1013 1624 τὴν
1030 1547 1124 1606 Μεσ-

68 1652 186 1732 σηνίαν
207 1643 301 1734 ὅριδν
322 1647 390 1712 ἐστι
411 1644 449 1712 εδ
473 1645 528 1732 τῆς
549 1647 656 1724 Νέδας
678 1645 778 1736 ῥεῦμα
800 1644 932 1735 λαβρδν.

113 1757 180 1822 iam
202 1774 300 1839 vero,
323 1770 359 1823 ut
375 1770 469 1824 recte
485 1756 716 1824 diiudicemus
739 1775 806 1840 qua
822 1769 931 1824 aetate
945 1755 1124 1841 Triphylia

71 1863 249 1933 Messenia
265 1865 333 1933 dici
350 1867 511 1950 potuerit,
534 1864 676 1933 historia
691 1863 892 1950 Triphyliae
915 1867 1030 1933 animo
1046 1883 1125 1950 per-

71 1975 243 2042 currenda
267 1988 320 2042 est
343 1973 433 2058 (43).

113 2097 313 2184 Triphyliae
348 2100 479 2169 incolas
502 2101 690 2169 Messeniis
723 2103 890 2185 sanguine
919 2103 1124 2169 coniunctos

71 2207 181 2277 fuisse
205 2210 307 2278 docet
329 2207 453 2277 Strabo
477 2207 573 2293 (44):

112 2314 223 2400 χώραν
254 2313 287 2382 δ’
310 2321 397 2400 είχον
428 2313 606 2402 εὐδαίμονα
637 2317 668 2384 οἳ
693 2314 896 2404 Λεπρεᾶται·
933 2315 1058 2394 τούτοις
1089 2318 1121 2384 δ’

69 2423 183 2513 ὅμοροι
205 2433 445 2512 Κοπαρισσιείς·
468 2425 565 2516 ἄμφω
586 2427 622 2493 δὲ
642 2423 685 2492 τὰ
706 2424 809 2512 χοίρια
833 2427 938 2493 ταῦτα
960 2423 1126 2505 Καύκωνες

68 2546 218 2618 κατείχον
238 2539 291 2600 καὶ
313 2532 374 2602 τὸν
396 2531 568 2603 Μάκιστον
589 2536 634 2603 δέ.

113 2661 205 2730 idem
241 2659 318 2745 (45)
354 2676 467 2729 narrat
499 2660 813 2745 Lacedaemonios,
849 2661 1037 2730 Messeniis
1061 2663 1122 2729 de·

70 2771 205 2840 bellatis
237 2769 332 2855 (46),
368 2773 512 2839 victoria
545 2791 608 2840 sua
641 2774 684 2838 ita
718 2790 803 2839 usos
837 2790 916 2839 esse
949 2767 1034 2838 ὥστε
1065 2767 1124 2854 τὴν

69 2878 182 2966 χώραν
217 2877 353 2946 ἅπασαν
387 2882 448 2965 τὴν
481 2883 574 2968 μέχρι
605 2876 773 2966 Μεσσήνης
803 2876 937 2945 Ἠλείαν
972 2878 1122 2967 ῥηθῆναι.

70 2991 154 3058 dicit
165 3004 280 3057 autem
297 3003 483 3074 propterea
495 2987 791 3057 Lacedaemonios
803 2986 1018 3073 Triphylian]
1031 2987 1122 3056 Eleis

71 3099 283 3184 prodidisse,
310 3099 405 3183 quod
427 3096 598 3182 Triphylii
627 3101 661 3165 in
688 3096 781 3165 bello
803 3099 1009 3182 gravissimo
1032 3115 1051 3163 a
1073 3099 1124 3164 vi·

104 3373 164 3443 (42)
182 3373 285 3442 Scylax
302 3375 338 3428 4⁵
355 3374 467 3440 καθήκει
483 3375 512 3428 δὲ
530 3372 687 3445 ἢἈριιαδία
704 3373 748 3426 ἐπὶ
765 3370 899 3427 θείίαιταν
915 3374 980 3426 nasci
997 3373 1123 3442 Λεπρέον

68 3463 98 3512 ἐκ
114 3463 264 3532 μεσογείας.

103 3543 160 3611 (48)
179 3541 306 3611 Kiepert,
324 3542 474 3598 Lehrbuch
494 3544 546 3597 der
563 3543 640 3596 alten
659 3541 843 3611 Geographie
860 3556 887 3609 p.
904 3540 967 3596 260.
1003 3540 1123 3609 [οΙΙίιις1

70 3628 259 3683 Hellenische
277 3626 487 3681 Landesiunde
505 3627 564 3681 und
581 3626 780 3696 Topographie
802 3640 828 3694 p.
850 3625 901 3680 178
913 3640 957 3694 sq.
991 3624 1023 3679 R.
1041 3623 1123 3691 Veii,

69 3713 121 3767 das
133 3711 320 3766 Mimzwesen
339 3711 392 3765 des
410 3712 583 3766 achiischen
598 3710 725 3778 Bundes‚
743 3709 881 3776 Zeitscpr.
896 3708 916 3763 i.
929 3709 1122 3763 Numismatii

70 3811 96 3865 p.
114 3795 175 3850 m.
210 3795 246 3849 H.
263 3795 401 3862 Ροιιιιον,
427 3797 474 3849 ein
497 3793 683 3850 arkadisches
699 3793 930 3862 Weihgescheni
954 3809 990 3847 zu
1010 3793 1123 3862 Delphi.

70 3880 177 3934 Athen.
193 3877 286 3933 Mitih.
306 3879 376 3933 1889
393 3893 420 3946 p.
432 3877 477 3933 26.

93 3961 161 4034 Ι(44)
180 3960 248 4016 Vlil.
269 3977 296 4030 p.
312 3962 377 4016 345.

104 4045 161 4112 (45)
179 4045 250 4100 viii.
271 4061 297 4114 p.
314 4045 375 4100 3⁵5.

104 4129 162 4198 (46)
180 4144 256 4184 anno
273 4130 336 4184 459.
