3000 5168
512 509 635 617 (all

49 689 169 758 videar
185 689 305 772 invito,
322 688 452 772 quippe
468 689 527 771 qui
544 687 724 770 scripserit
740 685 892 758 discerni
909 703 981 752 non
998 703 1105 770 posse

50 801 172 883 ipsene
198 795 352 867 Ovidius
369 796 580 867 Phanoclem
603 796 734 880 legerit,
757 795 852 880 quod
875 794 940 862 sibi
963 795 1104 880 quidem

49 926 170 992 parum
203 906 383 992 probabile
416 909 531 974 visum
564 907 608 972 sit
632 903 746 986 (103).
790 904 971 994 quomodo
1004 906 1106 988 igitur

50 1016 194 1084 fontium
231 1018 471 1100 cognationem
505 1016 623 1084 animo
656 1013 841 1097 cogitavit?
897 1026 991 1098 putat
1024 1032 1106 1096 syn-

50 1141 156 1208 tagma
192 1123 327 1192 Ovidio
361 1140 500 1210 praesto
531 1122 640 1191 luisse
670 1143 688 1190 a
720 1125 839 1190 nescio
870 1141 940 1206 quo
969 1122 1106 1206 mytho-

50 1235 180 1318 grapho
205 1235 383 1301 conditum
407 1235 465 1318 qui
482 1233 658 1317 Euripidis
681 1245 714 1299 et
737 1246 860 1316 poetae
877 1230 1104 1299 Alexandrini

51 1358 81 1409 et
96 1342 283 1410 Phanoclis
303 1355 498 1410 commenta
526 1343 764 1409 contaminarit
781 1339 896 1424 (104),
926 1356 1105 1425 praeterea

52 1449 219 1519 Ovidium
237 1454 350 1537 ipsum
368 1470 493 1536 poema
509 1450 783 1518 Alexandrinum
801 1449 987 1518 evolvisse.
1011 1452 1107 1534 equi-

53 1560 127 1626 dem
161 1560 232 1628 huc
259 1579 370 1648 usque
400 1574 529 1628 tanturn
554 1562 778 1628 imitationem
811 1573 934 1644 poetae
957 1559 1106 1627 Alexan-

53 1668 138 1734 drini
162 1671 290 1736 notavi.
334 1670 399 1738 sed
426 1683 545 1737 contra
568 1669 781 1737 Knaackium
810 1688 901 1737 nunc
929 1669 1106 1754 disputare

54 1778 287 1861 supersedere
311 1778 419 1845 liceat.
464 1794 571 1862 spero
602 1780 693 1845 enim
731 1776 807 1847 lore
837 1791 883 1860 ut,
917 1795 995 1845 cum
1019 1779 1108 1845 sicut

54 1887 155 1954 modo
172 1888 217 1955 de
234 1886 312 1972 line,
335 1890 379 1956 ita
403 1907 494 1956 nunc
511 1888 554 1956 de
571 1889 667 1956 initio
684 1890 890 1956 narrationis
908 1884 1105 1954 Ovidianae

54 1999 339 2096 quaesiverimus,
363 1999 428 2063 iam
453 2010 616 2081 appareat
639 1997 721 2080 quid
746 1998 795 2064 rei
819 1999 872 2062 sit.

92 2115 296 2196 gravissima
327 2112 382 2180 hic
411 2111 580 2184 Ovidium
615 2116 705 2182 inter
735 2128 768 2181 et
790 2112 956 2186 Nonnum
988 2130 1105 2180 rerum

56 2220 283 2307 discrepantia
318 2236 379 2290 est.
423 2220 478 2290 hic
509 2225 600 2289 eninr
629 2220 746 2290 Solem
783 2241 930 2290 uxorem
962 2222 1106 2289 duxisse

57 2327 129 2397 lacit
145 2329 346 2415 Clymenen
363 2328 465 2397 liliam
483 2328 629 2414 Oceani,
652 2350 695 2398 ex
711 2350 778 2414 qua
794 2329 973 2398 Phaethon
997 2344 1107 2413 natus,

57 2438 109 2504 ubi
141 2439 345 2522 adoleverit,
382 2453 514 2524 patrem
549 2439 712 2524 precibus
746 2440 931 2520 induxerit,
968 2453 1004 2505 ut
1040 2437 1105 2506 sibi

58 2565 174 2616 currus
210 2549 353 2633 regendi
388 2551 523 2633 copiam
555 2548 693 2617 laceret.
737 2549 784 2614 illi
816 2566 904 2616 vero
927 2547 1106 2615 Phaethon

58 2669 104 2722 est
135 2655 227 2725 hlius
257 2655 349 2726 Solis
383 2671 416 2724 et
447 2655 640 2742 Clymenes
674 2660 796 2726 uxoris
822 2657 981 2741 Meropis
1016 2658 1106 2740 regis

58 2761 276 2851 Aethiopum,
305 2768 363 2851 qui
384 2766 427 2833 ad
443 2769 549 2850 patris
573 2767 678 2834 aedes
695 2764 873 2851 proiectus
897 2766 977 2834 ideo
1001 2764 1107 2833 bene·

59 2869 108 2938 fici
131 2874 210 2942 loco
239 2888 272 2942 et
294 2877 420 2959 gratiae
443 2889 480 2941 ut
502 2873 593 2942 Solis
616 2878 693 2945 vice
716 2874 877 2960 iungatur
899 2875 1049 2960 postulat
1072 2889 1107 2942 ut

60 2985 249 3050 cenissimo
273 2985 402 3051 indicio
426 2985 594 3067 originem
619 3004 717 3052 suam
742 2984 927 3052 caelestem
950 3004 968 3050 a
991 2987 1106 3068 suspi-

61 3091 153 3159 cione
169 3093 332 3160 vindicet.
362 3095 535 3160 assentior
547 3093 723 3161 Knaacltio
740 3093 905 3161 Nonnum
923 3095 1106 3177 genuinam

61 3202 217 3268 carminis
240 3201 468 3270 Alexandrini
492 3201 803 3271 conformationem
831 3221 985 3286 servare,
1015 3203 1107 3286 apud

62 3303 222 3378 Ovidium
248 3312 510 3378 contaminatam
535 3331 624 3382 esse.
668 3312 762 3395 quod
783 3311 979 3382 Knaaclrius
1004 3309 1106 3394 (105)

62 3413 248 3486 luculenter
276 3420 427 3486 ostendit
456 3418 597 3487 Luciani
628 3421 706 3488 loco
737 3421 890 3488 adhibito
915 3419 1017 3504 (106)
1049 3422 1106 3504 qui

63 3541 134 3591 cum
150 3525 279 3594 Nonno
302 3541 369 3596 tam
393 3525 542 3599 fideliter
564 3529 752 3597 concordat
775 3543 810 3597 ut
833 3532 899 3596 iam
924 3543 1058 3598 constet
1073 3531 1106 3596 in

107 3704 289 3714 Ἢ..

94 3800 164 3868 (103)
185 3805 202 3856 l.
221 3805 238 3858 l.
256 3819 282 3871 p.
300 3805 345 3858 67.

94 3893 166 3962 (104)
185 3899 201 3950 l.
221 3898 238 3950 l.
257 3913 284 3964 p.
300 3899 346 3953 68.

95 3982 165 4050 (105)
184 3989 202 4042 l.
221 3989 239 4042 l.
258 4003 282 4056 p.
300 3991 346 4044 24.

96 4076 165 4144 (106)
184 4084 251 4137 dial.
269 4083 389 4138 deorum
408 4084 491 4138 XXV.

714 3711 742 3716 ..,-.
752 3711 864 3717 ...-........
885 3710 993 3716 θ’...
1015 3707 1105 3714 ——0--2
