3000 5168
831 475 951 576 (ll)

411 649 445 714 in
461 645 630 714 Arcadiae
646 645 846 713 recessibus
861 647 1025 713 saltuosis
1040 644 1197 729 ferisque
1211 647 1430 713 mribus

369 756 452 822 olim
479 769 513 823 et
534 755 647 824 Ursus
669 755 849 823 colebatur
870 771 904 824 et
926 755 1058 840 Lupus
1093 775 1198 840 quem
1221 774 1309 839 prae
1335 775 1430 822 neor

370 867 404 932 in
426 883 493 932 suo
516 879 634 932 monte
656 863 795 948 Lycaeo
821 868 990 948 sanguine
1016 865 1169 932 bumano
1191 866 1286 932 ultro
1308 865 1428 932 oblato

370 973 558 1056 placabant
608 973 702 1040 cultu
739 973 832 1041 lovis
869 972 956 1041 loris
995 975 1207 1056 introducto,
1242 978 1428 1058 antium

370 1101 498 1151 numen
521 1083 587 1150 sub
609 1101 703 1150 novo
726 1087 868 1151 nomine
890 1083 982 1150 lovis
1005 1083 1132 1167 Lycaei
1159 1102 1259 1150 more
1281 1087 1429 1166 antiquo

370 1193 487 1260 colere
520 1210 590 1259 non
624 1193 839 1260 destiterunt
892 1207 925 1260 at
958 1195 1047 1261 deus
1082 1193 1262 1277 popularis
1299 1195 1342 1259 in
1370 1212 1430 1259 ore

369 1301 461 1384 vulgi
488 1300 595 1367 bomo
622 1299 732 1368 lactus
764 1315 818 1370 est
850 1305 1097 1370 universorum
1130 1301 1310 1368 Arcadum
1349 1321 1431 1386 pro·

369 1429 465 1476 avus
508 1412 564 1476 cui
588 1428 666 1477 cum
690 1413 723 1476 in
755 1410 819 1478 bac
849 1409 963 1477 labula
993 1425 1110 1495 partes
1142 1411 1346 1477 tribuuntur
1374 1413 1432 1476 ad·

369 1521 501 1586 versari
524 1517 616 1586 Iovis
651 1537 756 1602 quem
789 1520 894 1588 deum
928 1539 1009 1588 esse
1042 1538 1113 1587 non
1136 1519 1246 1586 credit
1268 1519 1333 1586 ille
1357 1536 1430 1586 eta

369 1645 440 1711 quo
454 1630 614 1710 vincitur,
635 1628 724 1695 banc
739 1642 833 1695 certe
849 1643 981 1712 partem
998 1627 1133 1696 fabulae
1148 1631 1430 1712 antiquissimam

369 1755 450 1804 esse
482 1739 721 1804 existimamus
755 1756 884 1822 neque,
917 1751 1060 1806 auctore
1085 1737 1380 1818 WeissaecLero‚
1412 1758 1429 1804 a

370 1847 483 1930 poetis
512 1865 594 1913 sero
627 1846 787 1914 additam.
842 1849 986 1931 respicit
1006 1865 1092 1915 sane
1124 1845 1237 1913 labula
1270 1847 1429 1930 vulgaris

369 1952 576 2022 sacrificium
603 1955 793 2022 bumanum
819 1974 961 2040 quoque
988 1974 1059 2040 quo
1086 1959 1121 2022 in
1143 1954 1283 2038 Lycaeo
1306 1971 1429 2022 monte

370 2061 537 2130 litabatur.
585 2082 700 2148 neque
732 2081 817 2149 ergo
850 2064 1000 2150 simplex
1034 2079 1106 2146 est,
1138 2064 1250 2131 sede
1283 2062 1429 2130 duobm

370 2172 552 2240 elementis
581 2189 692 2256 aeque
721 2175 870 2256 antiquis
900 2173 983 2239 olim
1013 2170 1170 2240 conflata
1216 2190 1308 2255 quae
1340 2191 1429 2239 vero

370 2281 462 2366 apud
484 2279 688 2348 Pausaniam
722 2280 846 2366 legitur
867 2280 1002 2349 fabulae
1024 2279 1132 2366 ligura
1164 2293 1295 2346 tantum
1318 2283 1430 2348 sacri-

368 2387 484 2458 llcium
507 2390 695 2456 humanum
718 2388 870 2473 Lycaoni
893 2392 1025 2458 auctori
1047 2389 1175 2457 tribuit
1223 2403 1257 2456 et
1278 2407 1430 2474 apparet

370 2500 578 2582 scriptorem
613 2499 707 2582 apud
728 2496 932 2574 Pausaniam
966 2497 1080 2566 fabula
1101 2499 1234 2583 vulgari
1267 2500 1318 2564 uti
1356 2517 1428 2566 non

369 2610 536 2690 potuisse,
568 2608 663 2691 quod
696 2626 803 2692 supra
825 2609 960 2676 dixerat
981 2607 1179 2692 Lycaonem
1212 2605 1336 2674 Iovem
1359 2605 1429 2691 Ly·

368 2735 489 2785 cacum
523 2734 745 2801 nuncupasse
778 2719 799 2784 i.
821 2737 851 2786 e.
878 2715 970 2784 lovis
1002 2715 1130 2800 Lycaei
1163 2715 1292 2784 cultum
1328 2719 1429 2784 insti-

368 2828 487 2894 tuisse.
531 2843 634 2910 quam
657 2839 771 2894 autem
795 2825 936 2900 exbibet
968 2824 1118 2893 fabulam
1146 2843 1223 2893 eam
1245 2827 1427 2909 antiqmt

369 2952 449 3002 esse
482 2934 640 3002 concedo
674 2953 790 3019 neque
815 2949 929 3004 tamen
952 2933 1101 3002 fabulam
1126 2933 1306 3018 vulgarem
1340 2935 1427 3000 inde

368 3060 528 3110 manasse
550 3056 707 3126 apertum
731 3059 794 3112 est.

408 3149 546 3234 longius
567 3149 610 3217 ab
631 3148 763 3219 Ouidio
787 3153 1014 3220 discessimus
1037 3165 1071 3219 ct
1093 3151 1279 3236 disputatio
1302 3167 1428 3219 nostra

367 3277 432 3344 per
454 3259 621 3343 plurimas
644 3264 868 3344 quaestiones
889 3275 1008 3346 vagata
1031 3275 1094 3329 est
1137 3261 1202 3328 sed
1217 3261 1367 3329 instituti
1382 3281 1427 3329 eo

368 3371 483 3436 minus
506 3388 562 3437 me
586 3373 737 3453 paenitet
765 3371 861 3454 quod
883 3373 997 3439 sentio
1019 3372 1064 3439 de
1086 3371 1287 3438 auctoritate
1310 3367 1428 3438 Ovidi

368 3477 610 3563 mytbograpbl
644 3492 739 3546 certo
772 3480 901 3546 iudicio
930 3480 1074 3547 iudicari
1108 3497 1179 3547 non
1202 3495 1323 3564 posse,
1359 3483 1429 3548 uisi

368 3586 580 3672 singularum
603 3585 795 3656 tabularum
827 3591 961 3674 origine
983 3588 1127 3656 historia
1153 3587 1264 3655 lorma
1286 3588 1428 3674 vulgari

368 3695 458 3764 bene
491 3699 677 3782 perceptis.
730 3700 829 3765 cuius
865 3700 916 3766 rei
949 3711 1060 3766 tantae
1094 3711 1232 3781 tamque
1269 3694 1427 3766 difficilis

368 3804 562 3874 facultatem
585 3821 812 3874 consecutum
835 3826 915 3876 esse
938 3826 994 3875 me
1017 3825 1087 3874 non
1111 3803 1291 3891 profiteor,
1321 3825 1427 3874 secu·

368 3928 440 3980 tum
463 3932 543 3982 esse
566 3932 649 3998 prae
672 3934 728 3983 me
751 3913 837 3983 lero.

817 4091 967 4101 ——
