3000 5168
852 552 972 663 (tt)

388 723 556 794 Ovidium
581 726 696 793 locum
714 740 929 794 retractasse.
973 744 1111 793 causam
1134 745 1221 793 vero
1238 745 1305 794 cur
1319 745 1457 794 versus

388 853 457 902 non
482 836 673 902 interierint
696 853 770 902 eam
806 833 914 903 luisse
937 837 1117 920 perspexit
1139 835 1315 902 Maassius
1354 837 1457 920 quod

389 942 541 1012 Ovidius
564 943 900 1028 Metamorphoseon
933 943 1041 1012 libros
1075 962 1145 1011 non
1178 947 1254 1029 ipse
1284 945 1457 1026 ediderit,

389 1055 503 1120 editor
536 1052 803 1120 contaminando
837 1071 939 1137 quam
974 1053 1122 1136 plurima
1156 1056 1315 1120 servarit.
1367 1055 1457 1137 quid

389 1177 501 1230 autem
527 1159 695 1229 Ovidium
722 1163 754 1227 in
779 1181 853 1229 eam
872 1178 1021 1229 mentem
1047 1162 1182 1256 impulit
1203 1176 1240 1228 ut
1254 1162 1383 1229 locum
1401 1163 1457 1229 bis

389 1273 558 1340 scriberet
581 1287 614 1340 et
638 1271 814 1339 variaret?
859 1275 887 1338 si
909 1271 1098 1339 Maassium
1124 1273 1233 1355 audis,
1265 1274 1300 1337 in
1338 1273 1457 1340 altero

390 1381 723 1465 Metamorphoseon
742 1381 931 1465 exemplari
948 1381 1134 1450 scribendo
1152 1395 1346 1466 occupatus
1368 1383 1455 1448 illud

390 1492 433 1558 de
460 1490 577 1558 Peneo
612 1491 655 1557 de
679 1510 743 1557 suo
768 1492 917 1573 novavit,
950 1511 1019 1574 quo
1054 1493 1160 1557 artius
1195 1491 1454 1559 cohaerentem

391 1598 544 1667 efficeret
578 1602 820 1682 narrationem,
853 1602 1015 1684 quoniam
1050 1600 1182 1667 scilicet
1205 1597 1362 1683 Daphne
1389 1600 1456 1668 Pe·

391 1729 494 1777 neum
519 1723 650 1793 patrem
674 1709 817 1776 adiisset
840 1708 1003 1792 precibus
1028 1707 1289 1777 Callimacheis:
1340 1728 1343 1736 ·

544 1917 599 1971 486
617 1918 652 1970 da
671 1919 740 1970 mihi
760 1927 907 1984 perpetua,
924 1919 1035 1986 genitor
1053 1917 1213 1984 carissime,
1231 1917 1308 1982 dixit,
1492 1939 1493 1988 t

615 2002 775 2069 virginitate
795 1999 864 2055 itui:
883 2003 961 2056 dedit
978 2003 1033 2056 hoc
1051 2009 1132 2069 pater
1148 2009 1215 2055 ante
1232 2001 1356 2054 Dianae.
1492 2009 1493 2066 t

1492 2133 1493 2180 t

434 2202 618 2286 explicatio
652 2221 722 2269 non
760 2202 861 2270 valde
895 2202 1095 2287 probabilis.
1151 2202 1241 2270 malo
1278 2206 1452 2287 equidem

391 2325 541 2379 statuere
565 2309 733 2379 Ovidium
768 2325 935 2396 utrosque
961 2331 1087 2380 versus
1110 2313 1213 2380 simul
1246 2315 1453 2396 scripsisse,

393 2435 429 2487 ut
452 2421 638 2504 postmodo
663 2420 804 2504 eligeret
827 2436 901 2487 utra
925 2421 1035 2488 iorma
1069 2421 1134 2489 sibi
1159 2424 1266 2507 magis
1295 2421 1455 2505 placuis·
1492 2415 1493 2440 ¹

393 2545 445 2598 set
469 2528 558 2612 (85).
613 2530 707 2614 quod
741 2543 854 2598 autem
889 2529 1061 2614 Daphnen
1096 2531 1151 2598 hic
1175 2531 1344 2614 Peneum,
1382 2534 1453 2600 illic

391 2637 567 2707 Tellurem
603 2641 820 2706 invocantem
857 2637 952 2722 lecit,
991 2642 1122 2725 optime
1156 2639 1350 2725 explicatur
1387 2660 1454 2726 per

393 2767 494 2815 usum
518 2747 594 2814 libri
619 2746 861 2832 mythographi
885 2748 1064 2816 cuiusdam
1088 2768 1157 2832 quo
1181 2751 1349 2834 scriptum
1378 2766 1453 2818 erat
1492 2771 1493 2828 l

320 2884 322 2891 ·
393 2855 564 2941 Daphnen
588 2857 662 2923 aliis
685 2855 803 2940 Penei,
836 2857 910 2924 aliis
933 2857 1085 2926 Ladonis
1113 2873 1146 2925 et
1167 2857 1318 2926 Telluris
1341 2856 1451 2926 liliam
1492 2863 1493 2874 ’

393 2965 501 3033 luisse
526 2965 615 3049 (86).
660 2983 736 3032 nam
772 2967 847 3033 talia
881 2983 975 3034 certe
999 2965 1151 3034 Ovidius
1183 2969 1351 3034 memoria
1379 2987 1451 3034 non
1492 2991 1493 3048 ι

393 3077 550 3142 tenuerit.
917 3152 919 3157 ¹
1096 3097 1100 3103 ·

436 3180 604 3250 Ovidium
638 3185 740 3267 igitur
762 3182 929 3266 Daphnes
963 3182 1111 3250 fabulam
1145 3203 1163 3250 a
1191 3184 1452 3270 mythographo

395 3307 582 3360 mutuatum
608 3313 687 3361 esse
711 3294 924 3362 credendum
950 3307 1010 3360 est.
1045 3307 1198 3360 ceterum
1223 3310 1353 3376 operae
1373 3312 1454 3380 pre·

395 3404 477 3468 tium
503 3415 554 3468 est
578 3403 697 3484 paucis
714 3402 891 3486 disputare
916 3402 959 3468 de
984 3419 1075 3468 nexu
1099 3420 1169 3484 quo
1193 3399 1281 3468 hanc
1298 3399 1452 3470 Tabulam
1492 3425 1493 3468 t

395 3509 569 3594 copulavit
592 3529 670 3577 curn
696 3511 917 3594 praecedenti
942 3511 985 3578 de
1009 3509 1178 3592 Pythone.

428 3780 486 3846 (85)
506 3781 676 3835 Parthenius
695 3781 769 3834 Erot.
782 3779 830 3833 XV
850 3782 967 3848 praebet
985 3780 1100 3834 fabulae
1117 3780 1236 3848 liguram
1255 3794 1312 3848 qua
1325 3779 1451 3847 Daphne

394 3863 490 3918 Iovem
510 3865 644 3932 precibus
663 3865 784 3918 invocat.

428 3955 486 4021 (86)
505 3955 627 4023 Daphne
646 3955 732 4010 Penei
752 3956 809 4010 lilia
822 3965 866 4010 est
879 3957 952 4025 Hyg.
972 3957 1025 4010 lab.
1043 3956 1107 4022 203,
1130 3956 1255 4008 Ladonis
1273 3955 1357 4010 Paus.
1377 3955 1449 4032 Vlll.

392 4040 439 4106 20,
462 4040 492 4092 X.
510 4041 535 4093 7.
553 4042 580 4107 8,
604 4040 728 4094 Ladonis
750 4049 778 4094 et
794 4039 918 4094 Telluris
937 4040 1033 4094 Liban.
1053 4040 1109 4093 iah.
1131 4041 1171 4092 ll.
1195 4054 1221 4108 p.
1243 4039 1321 4092 ttoz.
1352 4039 1448 4094 Noun.

394 4130 427 4177 ad
450 4123 571 4194 Gregor.
589 4121 740 4178 Westerm.
758 4123 899 4192 Mythogr.
922 4139 948 4192 p.
965 4125 1028 4178 366.
1056 4123 1149 4178 Tzetz.
1168 4124 1258 4177 schol.
1280 4125 1315 4176 ad
1339 4123 1404 4190 Lyc.
1422 4124 1449 4176 6.
