3000 5168
888 511 1008 622 (tt)

426 701 459 754 et
475 683 635 754 Leandro
659 684 746 753 hanc
770 687 880 770 ipsam
896 705 999 770 quam
1023 703 1087 770 ego
1109 687 1180 752 vito
1203 687 1299 752 viam
1327 687 1465 754 insistet

426 797 547 863 video:
571 798 621 862 sic
639 797 731 862 enim
748 809 1019 880 argumentatur:
1043 813 1260 879 nequaquam
1276 798 1364 862 veri
1384 798 1465 861 simi

426 924 506 973 esse
540 919 677 988 poetam
701 907 759 989 qui
794 907 1041 973 astronomiam
1076 919 1109 972 et
1141 903 1405 988 geographiam
1433 923 1465 972 nt

427 1013 536 1098 probe
560 1013 680 1082 calleat
702 1014 800 1080 locos
824 1029 890 1081 tam
915 1013 1090 1082 mirabiles
1113 1027 1251 1097 tamque
1274 1013 1465 1097 splendid

427 1126 542 1208 ipsum
578 1125 755 1190 invenisse
779 1121 869 1206 (81).
919 1126 1033 1208 itaque
1067 1121 1143 1190 talia
1166 1121 1256 1190 bene
1279 1123 1425 1189 doctus
1457 1141 1465 1188 t

427 1247 528 1317 poeta
563 1251 709 1300 necesse
743 1235 808 1300 erit
831 1234 889 1316 qui
912 1235 1075 1300 iuvenem
1109 1233 1153 1300 ad
1175 1231 1407 1316 voluptatem
1437 1249 1465 1315 pt

426 1360 522 1408 mare
556 1355 589 1408 et
619 1341 772 1425 pericula
806 1340 1005 1409 tendentem
1040 1342 1201 1425 depingat
1233 1341 1291 1409 vel
1325 1343 1465 1425 pavida

427 1449 578 1535 puellam
608 1465 777 1518 amantem
812 1469 914 1517 suum
949 1450 1220 1535 opperientem?
1254 1450 1288 1516 di
1333 1451 1465 1518 melion

427 1578 544 1626 rerum
578 1562 632 1626 vis
667 1560 806 1627 dicam?
848 1561 954 1627 immo
988 1579 1091 1643 quam
1126 1563 1275 1627 maxime
1314 1557 1465 1626 Ovidiut

426 1671 563 1753 sapiunt
602 1668 802 1736 huiusmodi
844 1668 912 1736 loci
949 1671 1008 1753 qui
1048 1687 1204 1737 amorem
1241 1671 1388 1753 spirant
1426 1687 1465 1734 nu

427 1795 587 1862 magnum
614 1777 709 1844 illum
733 1779 875 1862 quidem
899 1793 933 1846 et
955 1795 1082 1862 purum
1106 1793 1140 1847 et
1161 1795 1397 1862 generosum,
1431 1797 1465 1843 set

426 1886 569 1954 brevem
604 1901 637 1954 et
670 1901 867 1955 vementem
902 1906 972 1972 quo
995 1887 1099 1972 vulgo
1134 1889 1291 1971 capimur
1316 1901 1465 1970 quotqut

426 2013 548 2062 sumus
571 1998 693 2080 sponsi
719 1995 918 2081 Penelopae
941 1996 1135 2064 nebulones
1159 1995 1387 2080 Alcinoique.

469 2149 580 2213 aeque
597 2130 680 2197 nihil
697 2145 770 2215 agat
785 2133 843 2214 qui
860 2132 952 2216 apud
971 2129 1139 2200 Ovidium
1161 2131 1320 2199 colorem
1337 2130 1465 2198 Alexan

427 2239 566 2306 drinum
600 2239 724 2307 alicubi
758 2239 823 2308 sibi
859 2241 1126 2326 deprehendere
1159 2243 1257 2308 visus
1291 2242 1413 2308 statim
1445 2239 1465 2304 d

428 2348 591 2432 exemplo
608 2347 846 2417 Alexandrino
871 2352 1006 2434 cogitet.
1050 2349 1171 2433 quidni
1194 2350 1377 2432 ingenium
1404 2347 1465 2416 Ovi

428 2458 568 2524 dianum
592 2455 691 2526 iacile
715 2471 748 2524 et
771 2457 927 2526 colorem
950 2471 983 2526 et
1006 2471 1110 2524 totam
1132 2456 1325 2525 verborum
1351 2475 1465 2525 rerum

428 2585 496 2651 que
529 2569 819 2651 compositionem
847 2581 1028 2651 poetarum
1057 2565 1383 2634 Alexandrinorum
1414 2567 1465 2632 imi·

428 2677 490 2742 tari
514 2689 647 2759 poterat
670 2675 767 2743 nullo
792 2689 887 2744 certo
906 2675 1058 2745 adhibito
1082 2674 1273 2760 exempto?
1295 2677 1333 2741 in
1350 2691 1465 2743 contra·

429 2787 513 2850 riam
546 2803 632 2852 vero
667 2798 799 2869 partem
834 2788 892 2868 qui
927 2786 1078 2869 disputat
1111 2783 1178 2852 hoc
1200 2783 1324 2854 saltem
1360 2787 1406 2852 iis
1428 2785 1465 2867 qul

429 2891 598 2961 Ovidium
622 2894 731 2962 semel
755 2897 950 2979 iterumque
973 2894 1141 2978 legerunt,
1174 2892 1327 2978 probare
1357 2895 1465 2978 poterit

429 3005 575 3086 reperiri
600 3003 764 3070 nonnulla
798 3006 831 3071 in
866 3001 978 3072 fabula
1007 3004 1051 3072 de
1074 3001 1222 3088 Daphne
1245 3021 1337 3086 quae
1360 2999 1465 3087 procul

462 3312 518 3379 (81)
539 3313 676 3380 Festgabe
695 3313 740 3366 isar
757 3311 905 3367 Susemihl
927 3313 1004 3366 1898.
1025 3327 1053 3380 p.
1067 3312 1113 3366 50:
1141 3327 1173 3365 es
1192 3312 1228 3366 ist
1247 3325 1306 3364 nun
1326 3326 1385 3366 von
1404 3327 1465 3366 vorr-

429 3397 528 3450 herein
547 3396 836 3463 unwahrscheinlich,
863 3397 931 3450 dass
959 3396 1010 3449 der
1028 3395 1156 3460 Dichter,
1182 3395 1233 3448 mit
1259 3395 1368 3448 dessen
1397 3407 1465 3449 astro·

428 3481 600 3534 nomisehen
634 3481 693 3533 und
722 3479 970 3547 geographischen
1002 3479 1202 3533 Kenntnissen
1237 3493 1270 3532 es
1304 3479 1385 3532 nicht
1418 3492 1465 3532 zan

429 3566 530 3618 besten
550 3564 666 3618 bestellt
692 3565 742 3630 ist,
772 3564 873 3618 solche
897 3561 1097 3617 Gianzstellen
1124 3577 1176 3617 aus
1201 3563 1318 3630 eigener
1336 3561 1420 3617 Krait
1434 3577 1465 3630 ge

429 3647 561 3702 schailen
579 3648 636 3700 hat.

461 3749 554 3816 agitur
571 3747 606 3801 de
623 3746 678 3800 Ov.
691 3747 759 3800 Her.
771 3745 863 3800 xviii.
876 3748 1009 3800 53-118.
1027 3745 1093 3800 XlX.
1105 3747 1203 3800 7-28.
1214 3746 1331 3813 33-66,
1349 3749 1399 3801 ubi
1412 3747 1463 3802 nihl

429 3841 473 3886 est
490 3831 567 3900 quod
584 3831 620 3884 ad
638 3831 709 3885 caeli
727 3840 856 3884 terraeve
874 3832 1003 3884 notitiam
1017 3839 1135 3898 spectat.
1161 3838 1291 3884 ceterum
1305 3829 1461 3888 Kntacltiun

428 3929 494 3970 cum
522 3915 668 3982 plerisque
694 3915 763 3970 viris
793 3915 885 3970 doctis
916 3915 968 3968 has
996 3916 1135 3982 epistulas
1162 3914 1276 3981 spurias
1305 3914 1410 3970 habere
1432 3916 1462 3968 via

428 4013 502 4066 opus
516 4007 560 4052 est
573 4013 700 4052 monere.
727 4013 780 4066 ego
792 3999 891 4053 dubito
909 3996 987 4058 αῠιός
1004 4017 1054 4070 περ
1072 3998 1127 4052 ἐών
1145 4011 1215 4052 nunt
1228 4007 1308 4052 recte
1320 3997 1421 4054 Ovidio
1431 4000 1461 4052 ab

428 4083 598 4136 iudicentur.
