3000 5168
10 1061 12 1198 l

540 483 659 593 (87)

12 635 13 670 ¹
83 655 136 723 ubi
169 676 213 724 ne
247 669 324 742 apte
348 657 488 741 quidem
514 660 643 750 mentio
665 656 811 743 Telephi
845 661 951 727 sanati
979 661 1126 744 inicitur,

82 768 207 850 quippe
240 784 329 849 quae
353 783 422 832 non
446 764 546 833 faciat
577 767 620 834 ad
643 766 952 835 demonstrandum
988 787 1125 836 manum

80 873 221 941 Achillis
242 873 405 942 valuisse.

118 996 151 1050 et
184 983 306 1050 eadem
342 997 375 1051 et
408 981 472 1050 alia
506 981 593 1051 lacta
616 983 761 1052 Achillis
794 984 860 1053 alio
894 985 973 1053 loco
1000 987 1125 1054 iterum

80 1104 304 1159 recensentur
330 1092 372 1159 ab
395 1090 497 1160 Ulixe
521 1089 635 1176 (201).

118 1225 210 1292 idem
235 1240 414 1293 enumerat
436 1224 607 1294 Troianos
630 1244 648 1293 a
671 1245 710 1294 se
733 1229 886 1295 occisos:

78 1441 192 1498 Metam.
209 1441 275 1496 xm.
292 1443 348 1496 250

521 1541 586 1582 cum
606 1528 697 1582 multo
715 1528 854 1596 sanguine
872 1527 933 1582 ludi

176 1609 329 1665 Coeranon
347 1609 488 1679 Iphitiden
505 1619 534 1665 et
552 1611 741 1680 Alastoraque
758 1609 989 1680 Chromiumque

175 1692 416 1762 Alcandrumque
428 1694 602 1763 Haliumque
621 1693 831 1762 Noemonaque
849 1694 1051 1763 Prytanimque

176 1779 320 1846 exitioque
337 1778 403 1831 dedi
422 1791 487 1832 cum
508 1775 750 1832 Chersidamante
766 1777 885 1834 Thoona

176 1869 204 1914 et
222 1859 386 1929 Charopem
406 1859 531 1930 latisque
550 1862 710 1916 immitibus
727 1861 879 1917 Ennomon
897 1870 992 1916 actum

176 1945 283 2013 quique
300 1945 399 1999 minus
417 1945 549 2000 celebres
567 1953 667 2000 nostra
684 1946 739 1999 sub
757 1946 911 2000 moenibus
929 1945 1009 2000 urbis

175 2029 356 2095 procubuere
374 2042 470 2083 manu.

116 2259 252 2330 septem
275 2246 341 2313 viri
374 2264 463 2330 quos
487 2247 620 2330 primos
644 2249 834 2313 nominavit
856 2247 1061 2314 occiduntur
1083 2245 1125 2313 ab

75 2353 179 2422 Ulixe
203 2357 237 2421 in
261 2353 387 2422 iliados
409 2361 440 2420 Ε
460 2352 574 2437 (202),
608 2368 770 2439 quattuor
802 2373 891 2440 quos
914 2355 1041 2423 deinde
1064 2372 1127 2440 po·

72 2466 141 2530 suit
175 2477 208 2530 et
242 2466 387 2548 insuper
419 2461 531 2531 Soous
559 2461 736 2550 Charopis
759 2463 865 2532 irater
886 2466 920 2530 in
944 2463 1068 2531 iliados
1090 2471 1125 2529 A

73 2570 190 2654 (203).
236 2573 313 2656 quis
337 2573 455 2639 credat
478 2569 647 2640 Ovidium
681 2573 766 2641 haec
799 2575 938 2640 nomina
971 2585 1028 2639 aut
1054 2589 1126 2640 me·

72 2683 183 2748 moria
207 2683 362 2748 tenuisse
384 2695 441 2747 aut
464 2700 483 2748 e
507 2681 645 2749 duobus
668 2681 793 2748 iliados
825 2681 922 2748 libris
950 2683 1125 2764 conquisi-

70 2790 198 2856 visse?
235 2791 430 2872 commode,
463 2792 492 2857 si
527 2809 583 2858 me
615 2791 725 2873 audis,
758 2789 945 2875 praebebat
977 2787 1124 2856 libellus.

71 2899 167 2981 apud
191 2897 371 2983 Hyginum
406 2912 439 2966 et
461 2898 597 2967 nobiles
619 2901 684 2967 viri
718 2901 777 2984 qui
801 2901 834 2965 in
858 2897 950 2966 bello
972 2896 1124 2966 Troiano

72 3007 281 3075 occiderunt
303 3006 503 3076 referuntur
525 3027 554 3075 c.
581 3011 659 3090 113,
693 3007 751 3074 ubi
775 3007 912 3092 legitur:
958 3005 1124 3090 „Ulysses

69 3113 232 3198 (occidit)
251 3115 526 3201 Hippodamum,
543 3117 634 3184 idem
652 3114 893 3199 Chromium“‚
910 3129 943 3183 et
958 3133 1125 3183 numerus

68 3224 245 3307 hostium,
278 3239 363 3309 quot
395 3227 542 3310 quisque
576 3223 757 3308 interiecit,
790 3225 960 3292 indicatur
992 3242 1020 3291 c.
1048 3227 1125 3306 114,

67 3332 130 3400 ubi
155 3332 294 3416 legitur:
341 3333 507 3417 „Ulysses
531 3352 678 3402 numero
700 3332 789 3400 X11.“
825 3347 979 3402 ceterum
1003 3335 1125 3418 ignoro

67 3441 158 3525 quid
182 3439 353 3509 Ovidium
377 3445 591 3526 permoverit
624 3457 660 3510 ut
683 3440 873 3512 Coeranon
896 3441 996 3527 Iphiti
1018 3440 1125 3509 lilium

66 3551 216 3618 diceret.
251 3551 315 3618 sed
338 3551 547 3619 crediderim
572 3565 665 3620 recte
688 3551 897 3620 observasse
912 3549 1125 3618 Ehwaldium

65 3729 560 3737 ——--—-—-———-----—
578 3730 645 3736 --
658 3730 834 3736 -ψ--ψ-

102 3841 183 3910 (201)
200 3841 316 3897 Metam.
335 3842 400 3896 x111.
422 3843 469 3897 l'il
485 3858 548 3912 sqq.

102 3941 183 4011 (202)
201 3941 257 3996 677
270 3955 332 4011 sqq.

102 4041 183 4112 (203)
201 4042 256 4096 422
268 4056 333 4111 sqq.
