3000 5168
855 409 976 514 iao)

392 601 506 667 neque
541 581 634 666 apud
667 581 774 648 uilum
809 580 1100 666 mythographum
1135 583 1334 665 reperiatur
1379 594 1418 647 et
1448 601 1477 679 α

393 690 526 758 fabulae
561 691 676 758 indole
711 691 904 758 abhorreat.
949 710 1015 775 qua
1039 692 1082 758 de
1106 709 1207 758 causa
1230 705 1355 758 autem
1401 691 1459 756 tale

393 802 476 883 quid
510 801 553 867 de
588 819 652 867 suo
686 803 883 880 inseruerit,
916 800 1083 884 quaeris?
1126 799 1232 866 credo
1262 813 1300 865 ut
1324 818 1476 866 versus

395 910 437 976 ad
474 908 679 993 Augustum,
717 909 760 976 de
798 908 923 994 quibus
960 927 1066 993 supra
1105 912 1250 992 egimus,
1288 911 1457 975 inserere

394 1033 522 1102 posset.
1475 1089 1476 1106 ,

436 1142 508 1194 tum
531 1131 560 1194 si
584 1141 785 1211 reputamus
809 1131 1038 1212 epitomarum
1073 1146 1176 1194 omne
1203 1145 1317 1210 genus
1344 1130 1458 1211 scrip

395 1251 508 1303 torum
543 1237 752 1318 socordiam,
789 1255 846 1304 res
879 1239 1061 1320 perexigui
1093 1255 1136 1304 ne
1171 1237 1282 1304 dicam
1322 1232 1476 1312 nuliius',

396 1349 560 1413 momenti
595 1344 752 1412 habenda
785 1360 847 1427 est,
886 1360 999 1412 utrum
1037 1345 1129 1428 apud
1171 1344 1476 1429 mythographos

395 1471 492 1538 pater
507 1454 646 1538 Lycaon
671 1473 712 1520 an
729 1453 900 1538 Lycaonis
917 1453 976 1520 iiiii
993 1455 1137 1521 sceleris
1154 1467 1318 1520 auctores
1344 1453 1456 1520 fuisse

394 1563 556 1631 ferantur.
601 1583 715 1648 neque
737 1565 841 1632 video
866 1583 928 1631 cur
943 1564 1096 1631 Maassio
1114 1561 1192 1646 (29)
1216 1566 1457 1631 assentiamur

395 1673 524 1757 Hygini
560 1671 708 1738 fabulam
744 1692 783 1751 ,e
817 1672 950 1739 duabus
985 1666 1165 1739 conflatam
1201 1691 1280 1739 esse
1317 1674 1457 1740 discre-

394 1783 550 1866 pantiis“,
573 1783 855 1867 quandoquidem
873 1783 965 1866 apud
982 1782 1161 1866 Hyginum
1184 1781 1249 1848 soli
1274 1780 1477 1869 Lycaonis

393 1888 451 1956 iiiii
486 1889 602 1957 lovem
627 1905 802 1974 temptent,
826 1891 999 1975 supplicio
1023 1894 1123 1960 etiam
1148 1903 1245 1975 parer
1270 1889 1455 1958 afficiatur.

394 1999 504 2081 quid?
549 2001 582 2065 in
610 1999 818 2067 bibliotheca
851 2018 967 2066 nonne
1001 2013 1098 2084 pater
1120 2002 1251 2081 insons,
1286 2015 1325 2066 ut
1355 2001 1477 2067 vidc

394 2122 462 2188 tur,
508 2127 573 2174 una
611 2127 690 2175 cum
728 2108 845 2176 liberis
883 2112 999 2192 impiis
1037 2109 1228 2193 plectitur?
1283 2110 1452 2192 equidem

395 2219 510 2300 potius
527 2218 735 2285 crediderim
752 2221 956 2302 posterioris
980 2221 1055 2286 aevi
1079 2217 1355 2302 mythographos
1384 2219 1452 2284 cul-

396 2325 529 2408 pandos
563 2345 642 2393 esse
676 2329 734 2411 qui
769 2325 917 2393 fabulam
951 2330 1053 2394 nimis
1077 2329 1312 2394 contraxerint
1348 2341 1451 2411 arque

396 2434 639 2502 detruncarint.
683 2437 737 2502 vis
771 2436 971 2519 exemplum
1002 2435 1210 2504 consimile?
1246 2438 1450 2518 proximum

395 2542 512 2610 habes.

437 2652 672 2722 Eratosthenis
696 2656 920 2722 catasterismi
944 2653 1116 2736 Lycaonis
1140 2656 1173 2719 in
1197 2653 1317 2737 lupum
1344 2667 1450 2722 meta·

396 2761 600 2845 morphosin
624 2765 797 2828 omittunt:

436 2869 510 2936 VIII
528 2869 757 2959 Ἀρκταφύλαξ
788 2877 860 2958 περὶ
883 2870 998 2936 τούτου
1020 2872 1145 2950 λέγεται
1160 2868 1212 2934 ὅτι
1228 2866 1340 2954 Ἀρκάς
1361 2873 1451 2936 ἐστιν

395 2981 428 3044 ἐκ
451 2977 645 3056 Καλλιστοῦς
667 2984 719 3044 καὶ
743 2979 827 3056 Διὸς
847 2977 998 3062 γεγονώς,
1031 2979 1071 3044 ὃν
1092 2977 1284 3068 κατακόψας
1304 2979 1450 3044 Λυκάων

394 3085 683 3165 §atterminatis
712 3093 876 3175 παραθεὶς
907 3090 962 3154 ἐπὶ
995 3085 1169 3174 τράπεζαν·
1206 3085 1292 3152 ὅθεν
1324 3088 1449 3174 ἐκείνην

394 3197 454 3278 μέν
476 3192 662 3283 ἀνατρέπει,
684 3196 741 3281 τὴν
757 3199 792 3263 δὲ
807 3203 913 3264 αἰκίαν
928 3194 1028 3265 αὐτοῦ
1043 3208 1193 3280 κεραυνοῖ
1205 3193 1259 3280 ric
1279 3193 1449 3282 ὠμότητας

396 3301 499 3370 αὐτὸν
519 3311 708 3389 μυσαχθεὶς.

391 3480 394 3486 ,
437 3415 521 3497 quid
543 3433 629 3482 vero
646 3419 772 3500 scripta
796 3415 1077 3500 mythographica
1101 3434 1188 3498 quae
1204 3413 1380 3483 Robertus
1407 3437 1448 3484 ex

396 3523 521 3590 eodem
545 3521 637 3592 fonte
662 3544 819 3593 manasse
836 3525 977 3592 docuit?
1005 3523 1135 3592 scholia
1152 3524 1274 3591 Aratea
1299 3522 1447 3592 fabulam

397 3633 565 3698 omittunt.
620 3633 750 3701 scholia
774 3631 976 3701 Germanici
1000 3632 1064 3700 BP
1087 3631 1164 3716 (30)
1194 3631 1321 3698 habent
1344 3649 1448 3702 meta-

431 3897 487 3962 (29)
506 3898 562 3949 ind.
583 3899 645 3952 lect.
664 3897 825 3966 Gryphisw.
852 3901 920 3953 1894
945 3916 970 3968 p.
988 3898 1056 3952 XVI.

431 3980 487 4046 (30)
507 3995 532 4048 p.
550 3981 594 4037 64.
617 3985 657 4035 15.
1042 3981 1044 3987 '
