3000 5168
563 486 660 596 (⁷)

121 658 228 743 paulo
263 673 342 743 post
365 657 419 741 (2)
454 679 576 727 manus
610 663 713 744 impia
737 659 1014 744 reprehenditur,
1048 678 1135 744 quae

68 770 159 852 pari
182 771 324 836 saevitia
349 766 493 837 Caesari
528 770 684 837 insidiata
719 783 800 840 erat.
844 787 948 851 quem
979 767 1135 836 locuma

74 891 184 960 poeta
209 891 426 946 retractatum
451 898 530 946 esse
554 892 645 962 patet
667 899 686 946 e
709 878 892 962 tautologia
925 896 1013 962 quae
1047 881 1135 946 inest

74 989 111 1052 in
159 1005 210 1052 vs.
247 991 318 1052 205
343 1006 417 1071 sqq.
454 988 636 1072 ambigitur
672 1001 784 1056 autem
823 991 912 1056 sitne
956 987 1011 1054 hic
1056 1006 1133 1054 cum

76 1094 237 1180 Hauptio
262 1094 339 1178 (za)
375 1101 565 1164 coniuratio
593 1097 648 1164 illa
682 1097 912 1180 intellegenda
939 1115 1006 1180 qua
1033 1098 1134 1180 periit

76 1203 122 1272 C.
148 1203 254 1272 lulius
272 1203 405 1274 Caesar
427 1226 469 1273 an
493 1209 608 1291 potius
633 1225 721 1273 nova
737 1207 906 1291 quaedam
923 1207 1133 1290 conspiratio

76 1328 200 1382 contra
236 1312 427 1383 Caesarem
462 1315 673 1399 Augustum3
708 1317 742 1383 id
776 1316 870 1399 quod
904 1314 958 1381 alii
993 1327 1134 1382 conten-

76 1425 206 1490 derunt
240 1427 357 1508 utique
382 1442 529 1509 poscere
563 1424 630 1491 loci
653 1427 856 1491 sententiam
891 1426 1021 1507 quippe
1045 1441 1132 1507 quae

77 1534 209 1600 misere
248 1533 417 1600 claudicet
460 1535 489 1599 si
527 1552 605 1599 cum
643 1531 725 1599 Iove
762 1545 991 1615 componatur
1027 1531 1132 1598 Iulius

77 1640 224 1710 Caesar.
255 1641 346 1707 hunc
370 1645 461 1709 enim
485 1643 668 1724 occidisse,
691 1641 762 1708 lovi
785 1659 871 1708 vero
895 1641 1131 1708 insidiatorem

78 1769 214 1834 poenas
249 1752 400 1819 dedisse.
445 1769 594 1835 quorum
628 1754 831 1819 sententiam
866 1754 942 1835 ipse
965 1751 1131 1835 subsequi

78 1878 150 1925 non
185 1860 314 1927 dubito.
358 1863 387 1927 si
422 1863 513 1928 enim
544 1861 588 1928 de
611 1859 672 1927 Iuli
696 1858 862 1929 Caesaris
884 1861 990 1927 caede
1014 1878 1130 1926 sermo

77 1967 212 2050 fuisset,
228 1972 287 2035 vix
303 1983 380 2054 apte
404 1968 580 2054 Augustus
603 1988 655 2036 vs.
670 1973 741 2035 204
759 1988 810 2053 sq.
834 1971 969 2053 pietatis
985 1985 1129 2036 suorum

78 2077 373 2145 commonefieret.
417 2091 525 2146 totum
561 2081 662 2162 igitur
694 2077 786 2146 hunc
819 2079 935 2145 locum
969 2090 1129 2161 posteaa

76 2201 179 2270 poeta
203 2190 370 2255 insertum
395 2207 474 2255 esse
497 2201 654 2272 apertum
678 2201 739 2255 est.

121 2314 186 2363 nec
210 2296 395 2364 concilium
419 2297 565 2365 deorum
589 2311 718 2364 tantum
746 2298 810 2365 sed
833 2300 934 2364 etiam
957 2295 1128 2380 Lycaonis

78 2405 371 2489 metamorphosis
405 2426 423 2472 a
457 2420 558 2490 poeta
592 2409 635 2474 ita
659 2409 845 2491 exponitur
878 2420 913 2472 ut
946 2407 1128 2489 proprium

78 2515 153 2580 eius
187 2533 226 2580 ac
250 2514 424 2597 peculiare
448 2515 622 2582 scribendi
649 2533 758 2599 genus
792 2513 890 2582 facile
914 2527 1128 2598 agnoscatur.
1215 2499 1218 2507 λ

78 2625 111 2688 in
136 2641 239 2707 quem
257 2624 407 2708 denique
431 2627 497 2690 nisi
521 2627 555 2691 in
571 2627 686 2708 ipsum
703 2621 872 2692 Ovidium
889 2623 978 2692 cadit
993 2640 1128 2690 summa

79 2730 133 2797 illa
181 2750 297 2798 rerum
345 2732 591 2800 Arcadicarum
633 2735 800 2816 ignoratio
845 2751 933 2816 quae
977 2731 1128 2799 ostendit

79 2839 271 2908 Romanum
311 2855 447 2926 poetam
493 2844 642 2908 carmina
680 2839 818 2909 Graeca
854 2859 997 2909 versare
1034 2840 1126 2908 unde

112 3215 148 3282 (2)
167 3214 370 3270 confremuere
388 3230 492 3270 omnes
511 3215 673 3284 studiisque
691 3216 858 3270 ardentibus
876 3231 979 3269 ausum

77 3298 130 3352 200
165 3299 231 3352 talia
248 3299 418 3366 deposcunt.
447 3300 489 3354 sic
507 3314 573 3353 cum
593 3315 696 3354 manus
714 3300 801 3368 impia
819 3301 910 3354 saevit

167 3385 307 3451 sanguine
326 3383 470 3438 Caesareo
489 3384 650 3438 Romanum
671 3385 837 3452 extinguere
856 3397 972 3449 nomen,

167 3469 316 3521 attonitum
335 3476 413 3520 tanto
432 3468 544 3522 subitae
562 3476 671 3522 terrore
688 3470 788 3522 ruinae

166 3552 324 3604 humanum
343 3565 436 3618 genus
456 3559 500 3604 est
518 3559 653 3619 totusque
674 3551 836 3618 perhorruit
854 3551 940 3604 orbis.
1026 3601 1033 3610 ,

166 3649 220 3688 nec
237 3635 286 3688 tibi
305 3643 383 3702 grata
401 3635 498 3688 minus
518 3635 617 3701 pietas,
636 3633 775 3702 Auguste,
792 3643 907 3688 tuorum
926 3645 979 3699 est,
1003 3663 1008 3670 -

77 3718 128 3772 205
164 3733 250 3786 quam
271 3718 325 3772 fuit
342 3715 391 3772 illa
408 3719 475 3772 iovi.
505 3720 553 3787 qui
572 3727 725 3787 postquam
743 3733 815 3772 voce
833 3731 978 3786 manuque

165 3817 314 3857 murmura
332 3803 513 3870 compressit,
531 3809 651 3856 tenuere
670 3803 785 3856 silentia
802 3803 905 3858 cuncti.

165 3886 292 3941 substitit
310 3893 341 3939 ut
358 3887 467 3940 clamor
484 3900 604 3962 pressus
623 3887 758 3953 gravitate
776 3887 912 3952 regentis,

165 3970 290 4037 Iuppiter
308 3972 363 4024 hoc
381 3972 484 4024 iterum
503 3985 644 4029 sermone
658 3971 772 4024 silentia
790 3972 873 4040 rupit.

96 4053 152 4122 (2a)
169 4054 234 4108 vide
253 4056 491 4110 commentarium
509 4055 544 4108 ad
564 4055 719 4109 editionem
738 4056 809 4108 eius.

893 4154 922 4207 l*
