3000 5168
547 543 645 653 (t)

112 715 196 783 haec
219 717 320 800 igitur
343 735 423 783 ursa
446 736 464 785 a
488 714 636 784 Graecis
655 715 761 798 Ἑλίκη
784 713 1004 800 appellatur.“

10 883 12 888 .
112 823 177 892 hos
203 843 329 892 versus
357 839 390 893 et
422 824 526 892 alium
560 839 749 910 praeterea,
783 827 840 909 qui
874 824 997 908 legitur
1029 823 1121 906 apud

71 931 281 1000 Lactantium
299 931 369 1017 (8):

638 1116 692 1172 scd
710 1119 787 1172 lucet
804 1118 833 1172 in
852 1119 937 1171 astris

220 1199 341 1254 Callisto
360 1210 537 1270 renovatque
556 1217 626 1255 suos
645 1202 710 1255 sine
727 1201 862 1254 fiuctibus
881 1202 972 1268 ignes,

70 1402 242 1470 Maassius
277 1402 382 1488 epylli
409 1402 517 1471 Latini
552 1404 596 1471 de
622 1402 831 1487 Lycaonidis
855 1402 1018 1487 reliquias
1043 1421 1121 1470 esse

70 1526 198 1579 censet.
250 1515 332 1596 quin
367 1516 467 1580 etiam
502 1514 594 1580 idem
628 1513 782 1596 epyllion
816 1510 949 1579 Ovidio
983 1526 1121 1596 praesto

70 1619 178 1688 luisse
220 1624 417 1705 suspicatur
457 1639 607 1705 eumque
648 1623 722 1704 ipsa
758 1620 865 1688 verba
902 1634 1025 1704 poetae
1062 1639 1122 1688 ex-

70 1733 244 1813 pressisse
267 1731 321 1797 his
343 1729 520 1799 versibus:

69 1945 183 1999 Metam.
194 1947 288 2000 11.527
307 1957 405 2002 arvos
423 1949 449 2001 si
467 1949 563 2002 laesae
581 1947 670 2014 tangit
687 1955 870 2013 contemptus
889 1945 1028 1998 alumnae

24 2037 26 2041 '
311 2033 421 2100 gurgite
439 2032 573 2086 caeruleo
591 2039 704 2098 septem
718 2027 875 2098 prohibete
893 2031 1001 2084 triones

312 2115 464 2182 sideraque
482 2115 512 2168 in
530 2115 610 2168 caelo
629 2115 720 2181 stupri
739 2113 872 2168 mercede
891 2121 1005 2180 recepta

311 2199 419 2266 pellite,
437 2213 474 2252 ne
492 2213 564 2265 puro
584 2194 745 2265 tingeretur
762 2197 792 2250 in
811 2211 937 2265 aequore
955 2198 1065 2264 paelex.

111 2404 139 2467 si
174 2414 267 2468 recte
300 2401 462 2468 iudicavit
494 2399 677 2482 Maassius‚
722 2400 804 2466 vide
848 2419 891 2466 ne
929 2399 1010 2467 inde
1044 2417 1122 2464 cum

68 2510 181 2594 aliqua
204 2509 442 2594 probabilitate
475 2503 650 2594 sequatur,
684 2510 778 2594 quod
808 2508 864 2576 illc
887 2509 1028 2592 quidem
1052 2525 1122 2574 non

67 2622 217 2702 scripsit,
251 2635 287 2686 ut
309 2617 462 2686 Ovidius
497 2621 598 2685 etiam
632 2621 666 2684 in
700 2615 812 2684 fabula
835 2615 1006 2700 Lycaonis
1030 2617 1122 2682 idem

68 2726 222 2811 epyllion
246 2727 311 2793 sub
335 2727 445 2794 oculis
473 2725 641 2793 habuerit.
686 2742 749 2808 ego
783 2742 869 2791 vero
904 2743 972 2791 non
1006 2725 1121 2807 video,

68 2838 98 2902 si
115 2836 185 2902 duo
209 2849 332 2919 poetae
356 2836 502 2902 eandem
524 2854 597 2902 rem
620 2834 774 2900 breviter
796 2847 945 2916 narrent,
968 2853 1031 2900 cur
1053 2851 1122 2899 non

168 3151 246 3190 ausu
263 3151 335 3188 enee
353 3133 427 3203 qm'e
445 3133 487 3188 sii
505 3135 658 3202 querulam
676 3135 865 3188 succcumbere
883 3133 1022 3186 alumnae

172 3217 326 3287 (coniugi)

68 3348 100 3392 ut
118 3338 308 3392 succcumbere
335 3337 372 3391 sit
390 3338 589 3390 concumbere.
624 3351 725 3390 verum
753 3337 807 3390 alia
834 3338 890 3390 hoc
917 3337 980 3390 loco
1007 3335 1051 3388 vis
1080 3344 1123 3388 est

68 3423 292 3490 praepositionis
305 3421 473 3488 eademque,
492 3435 565 3489 quae
578 3423 607 3475 in
619 3418 796 3488 suspiciendi
808 3417 1015 3474 substituendi
1027 3433 1122 3472 suece-

68 3505 163 3560 demie'
180 3507 277 3561 verbis
295 3506 430 3560 cernitur.
453 3506 531 3559 unde
548 3505 678 3558 succuba
691 3511 736 3558 est
749 3504 867 3572 peeleec.
892 3505 995 3559 collato
1008 3503 1122 3571 Hygino

68 3594 174 3645 horum
195 3603 334 3644 versuum
362 3597 390 3642 et
416 3590 488 3657 ipso,
514 3597 546 3642 ut
570 3589 691 3656 videtur,
717 3589 839 3642 memori
867 3597 942 3656 poet.
960 3597 1026 3641 astr.
1044 3587 1075 3640 ll.
1097 3588 1121 3639 l:

69 3682 192 3744 „negant
208 3673 320 3742 Tethyn
339 3671 448 3727 Oceani
470 3687 589 3728 uxorem
608 3674 635 3727 id
653 3671 757 3740 (sidus)
784 3673 920 3741 recipere,
947 3711 978 3725 ..
997 3712 1003 3726 .
1022 3710 1029 3725 .
1047 3671 1122 3740 quod

67 3757 177 3827 Tethys
195 3758 325 3833 lunonis¹
340 3760 378 3811 sit
403 3758 507 3823 nutrix,
534 3758 580 3811 cui
598 3756 720 3812 Callisto
744 3757 930 3811 succubuerit
947 3765 978 3809 ut
996 3756 1123 3823 paelex“‚

69 3844 151 3897 nullo
169 3843 363 3898 additamento
381 3855 456 3910 opus
484 3856 551 3896 esse
576 3841 688 3895 videbis
716 3840 752 3907 (v.
771 3839 852 3894 hem.
872 3840 1014 3906 Behrens,
1042 3839 1125 3893 misc.

69 3929 131 3982 crit.
150 3941 176 3994 p.
192 3927 244 3993 te).
271 3926 327 3980 nisi
349 3941 419 3980 vero
437 3925 564 3979 Maassio
583 3926 677 3980 credis
699 3926 746 3978 bic
765 3927 887 3978 eandem
906 3923 1038 3978 lacunam
1056 3937 1124 3977 con·

68 4013 200 4080 spicuam
220 4026 296 4066 esee.

104 4095 144 4164 (8)
164 4109 271 4162 argum.
290 4094 320 4147 ll.
337 4095 364 4148 6.
