3000 5168
432 667 542 752 iallor,
565 688 606 736 an
630 687 700 736 non
724 669 825 753 plane
848 669 913 736 sibi
938 681 1070 736 constat
1085 667 1312 736 Knaackius?
1342 689 1438 755 quern

390 779 496 846 modo
531 777 747 845 laudavimus
782 790 983 846 censentem
1015 774 1182 844 Ovidium
1218 795 1289 845 non
1321 778 1440 862 legisse

389 887 603 972 Euripidem,
636 886 700 955 sed
723 899 900 971 syntagma
924 886 1111 970 quoddam,
1144 886 1187 953 ad
1220 887 1318 970 quod
1345 887 1441 971 perli-

391 997 552 1067 ciendum
577 1009 610 1064 et
625 995 810 1079 Euripides
834 1009 867 1062 et
884 1007 985 1079 poeta
1002 993 1260 1063 Alexandrinus
1276 1000 1440 1081 assumpti

391 1119 519 1175 essent.
563 1108 677 1188 itaque
712 1123 756 1172 ex
788 1107 867 1188 ipso
891 1102 1067 1171 Knaackio
1101 1108 1269 1172 sententia
1292 1103 1440 1172 Knaacki

390 1229 534 1284 eatenus
551 1213 768 1282 emendanda
792 1227 845 1280 est
867 1227 904 1280 ut
919 1231 1008 1298 quae
1024 1213 1068 1280 de
1085 1211 1217 1282 Ovidio
1234 1217 1348 1298 regias
1369 1233 1441 1298 per-

391 1326 559 1393 miscente
583 1323 755 1405 dicuntur,
779 1323 823 1390 de
846 1323 1101 1408 mythographo
1125 1326 1191 1390 isto
1214 1325 1333 1408 ignoto
1358 1323 1440 1390 dicta

390 1435 592 1518 oportuerit.
637 1431 701 1500 sed
735 1432 802 1500 hoc
836 1434 1020 1500 mittamus.
1065 1432 1166 1500 nobis
1197 1446 1268 1499 tum
1303 1433 1439 1501 demum

391 1541 567 1610 Knaackio
601 1542 777 1626 astipulari
806 1541 936 1625 liceret,
969 1545 998 1609 si
1033 1556 1128 1610 certo
1163 1556 1338 1610 constaret
1361 1541 1441 1610 Ovi·

390 1653 485 1720 dium
502 1650 609 1718 verba
626 1669 714 1735 quae
731 1665 810 1718 sunt
826 1652 957 1716 adelino
979 1652 1085 1716 limile
1108 1671 1127 1718 e
1144 1650 1238 1718 ionte
1254 1671 1321 1718 suo
1337 1665 1441 1719 trans-

390 1761 521 1828 tulisse.
566 1763 620 1828 cui
644 1762 837 1844 suspicioni
861 1759 976 1826 nullus
992 1760 1092 1827 locus
1115 1775 1179 1844 est,
1202 1780 1279 1828 narn
1305 1779 1441 1846 semper

389 1885 513 1954 poetae
537 1870 635 1936 cordi
669 1867 731 1936 luit
754 1871 938 1937 minutiora
972 1868 1155 1954 diligenter
1178 1867 1376 1954 effingendo
1399 1885 1441 1937 at·
1487 1871 1488 1957 l

389 1998 457 2062 que
471 1978 700 2063 excogitando
718 1978 824 2046 rebus
840 1997 926 2062 quas
942 1977 1008 2045 sub
1025 1978 1147 2046 oculos
1160 1978 1337 2046 subiceret
1348 1983 1440 2063 quasi

390 2090 557 2156 maiorem
594 2085 697 2155 iidem
732 2088 930 2156 conciliare.
975 2107 1089 2172 neque
1118 2087 1296 2156 Vulcanus
1331 2089 1438 2157 solum

390 2216 485 2264 mare
509 2197 663 2282 deasque
687 2200 837 2265 marinas
860 2197 970 2265 valvis
994 2197 1236 2282 insculpserat,
1258 2198 1322 2266 sed
1346 2217 1440 2283 prae-

391 2321 484 2373 terea
509 2305 641 2373 caelum
667 2304 788 2374 orbem
813 2320 983 2374 terrarum
1008 2305 1114 2374 urbes
1137 2307 1242 2374 silvas
1266 2305 1358 2374 ieras
1383 2307 1440 2373 liu-

390 2417 480 2480 mina
508 2415 680 2499 nymphas
703 2417 844 2482 numina
868 2419 959 2484 ruris
993 2418 1088 2501 signa
1111 2416 1254 2484 zodiaci.
1299 2435 1370 2484 non
1395 2433 1439 2484 esr

389 2525 491 2607 igitur
524 2543 587 2590 cur
620 2524 725 2591 aedes
760 2527 909 2592 marinas
940 2543 1018 2592 cum
1053 2544 1133 2592 arce
1157 2523 1249 2592 Solis
1283 2527 1317 2591 in
1341 2545 1437 2592 unam

389 2635 516 2716 regiam
541 2631 714 2699 coaluisse
738 2651 892 2700 censeas.

432 2781 570 2834 transeo
598 2767 641 2834 ad
665 2767 936 2852 descriptionem
968 2767 1066 2836 aulae
1095 2767 1239 2835 Phoebi.
1292 2765 1437 2860 Knaacki

391 2875 493 2960 (113)
519 2871 776 2958 sententiaque
801 2873 971 2944 Ovidium
995 2895 1236 2960 quaecumque
1271 2875 1315 2944 de
1343 2892 1436 2944 coetu

389 2984 567 3052 Horarum
604 2983 716 3067 habet,
749 2987 882 3052 auctori
916 2985 1153 3054 Alexandrino
1188 2983 1319 3052 debere
1354 2985 1436 3064 dicit,

388 3095 552 3162 universe
585 3093 726 3177 quidem
760 3092 901 3177 probari
935 3107 1059 3178 potest,
1094 3113 1173 3161 cum
1197 3093 1435 3162 Alexandrinis

389 3202 506 3270 talium
550 3221 666 3270 rerum
709 3204 929 3271 inventiones
970 3202 1208 3288 perplacuisse
1250 3203 1435 3270 videamus.

388 3313 493 3380 modo
518 3331 561 3379 ne
585 3315 776 3397 cogitemus
810 3312 854 3380 de
878 3325 973 3380 certo
996 3327 1138 3380 auctore
1162 3331 1266 3396 quem
1290 3310 1435 3378 Ovidius

387 3421 454 3488 hoc
478 3421 556 3488 loco
580 3423 730 3489 imitatus
754 3423 805 3489 sit.

429 3557 669 3623 iusiurandum
692 3554 784 3624 Solis
802 3554 917 3639 (lli),
941 3574 1013 3639 quo
1034 3576 1072 3624 se
1089 3555 1269 3640 obstringit
1291 3555 1435 3639 quodvis

388 3683 514 3731 munus
538 3663 608 3731 lilio
633 3683 671 3731 se
694 3665 854 3732 daturum
878 3684 969 3747 esse,
993 3663 1142 3732 alienum
1168 3679 1220 3732 est
1247 3684 1263 3731 a
1287 3663 1435 3730 carmine

420 3975 495 4041 trra)
514 3973 531 4026 l.
550 3975 566 4026 l.
589 3988 613 4040 ρ.
632 3975 677 4028 29.

420 4077 496 4143 (114)
515 4076 628 4129 meam.
648 4075 676 4128 11.
695 4075 738 4128 45.
