3000 5168
505 511 624 621 (tt)

53 688 95 740 578
144 685 293 754 populifer
311 683 466 752 Sperchios
486 691 513 737 et
531 683 710 750 inrequietus
729 682 856 750 Enipeus

15 817 16 854 p
138 768 348 837 Apidanusque
366 780 457 821 senex
476 767 610 858 lenisque
628 764 812 834 Amphrysus
831 775 858 820 et
878 764 962 820 Aeas.

85 955 202 1023 eadem
230 956 341 1021 series
370 951 551 1020 fluminum
573 951 774 1020 Thessaliae
802 955 833 1020 ei
861 965 999 1036 praesto
1029 951 1090 1019 fuit

51 1063 372 1148 Metamorphoseon
397 1062 485 1130 libro
500 1061 571 1146 Vll,
595 1061 652 1128 ubi
668 1061 829 1130 Medeam
854 1059 979 1130 herbas
996 1061 1090 1129 colli·

52 1185 175 1255 gentem
201 1171 293 1240 lacit:

48 1373 91 1426 228
140 1375 232 1429 multa
250 1387 366 1442 quoquc
384 1371 506 1442 Apidani
525 1375 694 1444 placuerunt
711 1373 841 1441 gramina
859 1373 945 1440 ripae,

135 1458 227 1511 multa
246 1471 362 1527 quoque
381 1456 537 1525 Amphrysi
556 1471 651 1525 neque
674 1470 738 1510 eras
757 1457 896 1510 immunis
913 1455 1040 1524 Enipeus

15 1541 17 1550 ’
134 1555 190 1595 nec
210 1555 267 1594 non
286 1540 401 1595 Peneus
420 1554 551 1595 necnon
570 1539 763 1608 Spercheides
781 1539 876 1593 undae

134 1624 321 1679 contribuere
338 1625 445 1692 aliquid
464 1624 642 1692 iuncosaque
660 1625 754 1677 littora
773 1623 896 1678 Boebes.

80 1829 110 1896 io
139 1826 239 1894 libris
268 1845 312 1894 ex
334 1825 445 1893 Ponto
470 1824 573 1908 (223)
598 1824 674 1892 XVI
703 1823 845 1894 flumina
867 1823 967 1892 Ponti
995 1823 1089 1890 nullo

48 1937 161 2002 ordine
186 1949 425 2003 recensentur.

79 2043 170 2112 haud
196 2062 274 2110 raro
299 2045 450 2129 denique
471 2047 536 2112 iter
559 2057 758 2114 narraturus
776 2039 927 2113 Ovidius
951 2043 1090 2109 nomina

46 2154 207 2236 quaedam
231 2153 459 2237 geographica
476 2171 554 2220 cum
578 2150 738 2236 epithetis
761 2153 834 2218 suis
858 2170 877 2217 e
901 2149 996 2220 libris
1021 2149 1090 2217 col-

46 2261 164 2346 legisse
200 2262 353 2344 videtur‚
386 2280 474 2348 quae
508 2261 675 2345 deinceps
709 2259 803 2327 nullo
838 2272 932 2326 certo
967 2260 1089 2328 ordine

45 2386 151 2454 ponat.
198 2371 265 2438 hoc
295 2371 401 2465 modo
432 2383 659 2438 recensentur
688 2370 763 2436 loca
790 2367 959 2435 Arcadiae
986 2365 1088 2451 (224)

45 2477 217 2564 Cyclades
242 2477 343 2563 (225)
368 2478 443 2545 loca
466 2477 602 2546 Siciliae
627 2476 740 2560 (226).

44 2651 164 2657 -....-...-
176 2651 288 2656 —--..v
605 2650 723 2654 -..--.-
734 2647 1068 2654 ——-—
1083 2647 1086 2651 .

70 2747 145 2813 (223)
164 2745 211 2799 lv.
232 2744 274 2799 10.
291 2747 408 2801 47-68.

70 2837 145 2905 (224)
165 2838 282 2893 Metam.
300 2837 334 2892 V.
350 2837 405 2893 607
418 2852 480 2906 sqq.

69 2928 147 2996 (22³)
168 2926 286 2984 Metam.
304 2927 361 2982 Vll.
378 2921 430 2988 sot
446 2943 509 2996 sqq.

71 3020 148 3088 (226)
169 3020 244 3074 Fast.
262 3019 306 3074 1v.
324 3020 378 3074 467
391 3035 453 3088 sqq.
