3000 5168
532 504 653 612 (ts)

71 680 225 764 pidorum
260 680 388 746 seriem
422 680 538 761 inepte
571 679 665 743 auxit
687 675 836 743 Nonnus
859 676 1004 744 eandem
1029 674 1116 744 Ovi-

71 790 158 856 dium
191 791 321 855 misere
344 787 526 856 decurtare
548 787 720 854 videmus.
764 788 819 852 cui
847 803 925 852 cum
960 785 1060 870 longa
1083 801 1116 854 et

70 900 206 982 copiosa
221 896 411 980 descriptio
427 897 560 964 itineris
576 895 727 963 taedium
744 909 912 977 moveret,
927 895 1115 962 admodum

70 1009 184 1074 inscite
217 1023 325 1073 unum
349 1018 477 1073 tantum
500 1003 670 1088 oppidum
694 1003 798 1087 idque
831 1022 942 1088 paene
966 1006 1115 1087 primum

70 1118 217 1182 omnium
242 1117 367 1183 ceteris
390 1115 531 1182 omissis
554 1114 702 1180 retinuit.

109 1222 305 1291 conletatur
327 1221 485 1290 scholion
502 1222 545 1288 ad
561 1220 785 1305 Apollonium
803 1220 977 1288 Rhodium
1002 1219 1116 1304 (136),

70 1331 123 1398 ubi
146 1345 374 1400 recensentur
396 1334 587 1418 scriptores
611 1349 727 1397 rerum
750 1329 994 1398 Thebanorum
1018 1329 1117 1414 Lysi·

70 1440 206 1509 machus
224 1439 327 1524 (137)
346 1439 549 1508 Hellanicus
572 1439 807 1523 Pherecydes.
838 1441 871 1506 in
888 1457 958 1523 quo
981 1439 1115 1508 scholio

14 1637 15 1640 Ἴ
70 1553 165 1618 etiam
182 1550 267 1617 haec
283 1550 458 1634 leguntur:
481 1547 618 1641 31111τῇ
639 1547 672 1630 γ’
690 1557 860 1624 Μουσαῖος
876 1555 1117 1636 Τιτανογραφίᾳ

14 1657 15 1668 ’
68 1661 189 1740 λέγεται
210 1657 257 1736 ὥς
279 1657 408 1743 Κάδμος
428 1660 463 1724 ἐκ
483 1657 541 1724 τοῦ
563 1658 725 1746 Δελφικοῦ
750 1655 920 1746 ἐπορεύετο
946 1662 1115 1746 προκαθη-

68 1775 217 1854 γουμένης
236 1765 324 1854 αὐτῷ
345 1766 401 1847 vig
413 1766 501 1851 βοός.
532 1767 619 1835 male
636 1765 761 1834 lactum
778 1767 872 1852 quod
887 1770 1026 1852 gravior
1041 1785 1117 1834 cor-

14 1889 15 1940 1
71 1878 199 1963 ruptela
223 1881 256 1944 in
281 1877 334 1944 his
357 1877 475 1945 verbis
499 1895 568 1944 non
592 1879 672 1944 sinit
695 1877 739 1944 de
762 1891 904 1944 auctore
927 1877 1115 1962 quidquam

70 2006 129 2070 pro
154 2001 250 2055 certo
274 2000 424 2053 statuere
442 1984 544 2068 (138)
569 1999 706 2070 praeter
729 1984 795 2052 hoc
816 2003 938 2052 unum:
962 1985 1118 2069 descrip-

14 2087 15 2114 ¹
70 2100 204 2164 tionem·
229 2097 361 2163 itineris
389 2115 406 2161 a
435 2094 619 2161 scholiasta
653 2093 759 2161 nobili
787 2094 922 2161 cuidam
956 2096 1116 2178 scriptori

14 2205 338 2278 lemmmm

108 2423 245 2491 Metam.
270 2421 321 2488 111.
344 2427 391 2488 26
416 2419 623 2504 (Cadmus):

366 2579 447 2619 8801'8
466 2564 523 2618 lovi
544 2563 673 2618 1801111118
692 2573 758 2618 el'al.

108 2767 268 2849 Nonnus‚
301 2767 392 2851 apud
417 2785 520 2851 quem
545 2783 691 2850 prorsus
714 2765 872 2832 similiter
894 2764 958 2830 bos
982 2763 1039 2831 ubi
1063 2783 1119 2832 ce·

70 2876 145 2942 cidit
168 2879 334 2944 continuo
357 2895 436 2943 arae
456 2875 672 2956 admovetur,
695 2893 764 2941 non
788 2874 869 2941 dicit
892 2877 1027 2940 cuinam
1051 2874 1118 2940 deo

70 2985 195 3053 deaeve
218 2987 357 3053 victima
381 2985 546 3052 destinata
570 2998 672 3051 esset.
706 2983 769 3051 sed
793 2983 896 3068 paulo
920 2997 999 3067 post
1016 2981 1118 3065 (139)

69 3093 196 3178 Spartis
235 3095 381 3161 devictis
419 3091 593 3161 Cadmum
631 3092 758 3159 bovem
796 3091 977 3158 Minervae
1016 3089 1118 3173 (140)

100 3370 171 3437 (136)
191 3370 231 3423 111.
255 3370 324 3424 1178
337 3385 380 3438 sq.

100 3463 175 3528 (137)
193 3465 304 3516 scimus
324 3465 395 3516 naec
414 3465 511 3516 omnia
524 3451 685 3530 Lysimachi
706 3465 850 3528 squama
868 3460 1028 3528 ,1111111111
1048 3475 1121 3528 quae

71 3547 160 3600 laudat
182 3547 290 3600 debere
313 3547 497 3600 scholiasten.
525 3561 549 3598 v.
569 3545 686 3600 Radtkei
711 3545 781 3598 diss.
801 3543 876 3598 inira
898 3545 1040 3597 laudatam
1065 3545 1120 3596 sub

70 3631 130 3683 adn.
151 3631 212 3683 165.

101 3723 175 3786 (188)
193 3722 371 3775 tribuebatur
389 3723 510 3776 Musaeo
522 3721 744 3776 Titanomachla.
768 3737 793 3774 v.
807 3720 841 3774 Ο.
856 3721 944 3786 Kern‚
961 3720 997 3773 de
1011 3719 1120 3772 Musaei

71 3804 255 3860 Atheniensis
275 3805 453 3872 fragmentis,
471 3807 527 3859 ind.
546 3807 610 3860 lect.
631 3807 765 3860 Rostoch.
788 3805 865 3858 1898.

102 3898 175 3960 (1391
197 3897 282 3950 Dion.
300 3896 332 3949 V.
350 3898 377 3952 6.

102 3989 177 4054 (140)
196 3990 233 4044 cl,
258 3991 324 4044 bibl.
344 3990 437 4058 Apoll.
458 3991 502 4044 lli.
520 3990 569 4044 22:
599 3987 764 4062 βουλόμενος
789 3989 818 4042 de*
842 3988 951 4060 Ἀθηνᾷ
977 3985 1122 4038 καταθῦσαι

70 4075 114 4137 rhu
137 4075 213 4140 βοῦν.
249 4075 339 4127 schol.
359 4075 463 4129 Aesch.
485 4073 561 4142 Sept.
582 4074 652 4127 469:
683 4077 759 4126 ἔθυσε
788 4074 816 4126 da*
843 4072 889 4138 τὴν
913 4071 979 4138 ῥοῦν
1002 4070 1120 4143 ’diersa
