3000 5168
524 524 644 633 (8⁵)

59 697 335 781 gestaethiasus
370 695 484 781 (tas).
528 701 728 782 quaerimus
762 699 855 766 unde
888 711 989 782 poeta
1023 698 1107 768 ha'ec

60 808 324 891 deprompserit,
341 809 471 892 quippe
487 823 590 892 quem
608 805 717 892 probe
734 809 896 875 novimus
913 825 982 875 non
999 806 1107 876 luisse

59 917 232 983 hominem
266 931 434 1001 perquam
468 917 640 984 eruditum
675 929 776 1000 atque
799 914 956 1001 prolecto
984 917 1109 984 delica-

59 1027 191 1108 tiorem,
226 1044 327 1110 quam
361 1028 419 1110 qui
453 1025 571 1094 labore
595 1026 756 1110 improbo
790 1029 866 1110 ipse
894 1026 970 1094 talia
994 1045 1109 1094 corra-

59 1136 147 1201 serit.
194 1134 332 1218 plurimi
356 1147 469 1204 autem
494 1149 574 1201 sunt
606 1135 673 1202 loci
707 1135 741 1201 in
766 1131 873 1202 Ovidi
898 1135 1107 1203 carminibus

57 1245 111 1326 qui
136 1244 283 1310 eandem
307 1243 461 1327 speciem
484 1256 586 1326 atque
609 1243 762 1310 indolem
796 1261 879 1328 prae
912 1263 951 1312 se
985 1241 1108 1327 lerunt,

9 1353 10 1390 ³
58 1349 171 1418 nullus
194 1367 295 1433 unua,
318 1353 376 1436 qul
393 1353 561 1436 originem
577 1368 675 1419 suam
692 1355 845 1436 apertius
861 1363 978 1437 arguat
994 1349 1108 1435 (toa).

9 1487 10 1516 t
58 1475 173 1528 nonne
196 1459 263 1527 hoc
286 1457 364 1526 loco
381 1460 535 1545 perlecto
557 1461 614 1528 vel
637 1461 733 1527 inviti
756 1464 1013 1530 reminiscimur
1035 1463 1110 1545 qui-

58 1569 273 1652 buscumque
307 1571 426 1652 pueris
458 1569 654 1638 versiculos
687 1570 810 1638 latinos
843 1588 993 1656 pangere
1027 1589 1110 1640 con·

59 1677 216 1764 tingebat,
238 1678 441 1762 amplissimi
458 1679 549 1746 illius
565 1679 653 1762 libri,
669 1682 768 1746 cuius
785 1679 1009 1748 inexhaustae
1021 1697 1108 1765 opes

59 1787 171 1853 Musis
205 1785 444 1871 languentibus
478 1785 756 1855 subveniebant?
777 1771 779 1778 ¹
799 1807 842 1862 an
877 1791 979 1872 igitur
1008 1803 1109 1873 poeta

60 1895 234 1963 interdum
258 1895 404 1962 eandem
429 1893 502 1963 lere
524 1898 615 1962 viam
638 1899 807 1979 institerit,
831 1912 867 1964 ut
889 1898 932 1965 ad
948 1896 1109 1966 Parnassi

60 2005 237 2070 eacumina
253 2005 463 2088 perveniret,
484 2021 575 2088 quae
591 2017 624 2070 et
639 2003 741 2070 nobis
758 2004 939 2089 discipulis
962 2007 1109 2074 tenenda

60 2111 162 2179 erat?
199 2113 348 2178 maxime
371 2112 523 2195 quidem.
560 2114 767 2195 quinetiam
792 2112 957 2188 subsidiis
980 2117 1111 2200 impru-

60 2223 148 2289 dens
171 2221 301 2289 abusus
335 2235 387 2288 est
410 2240 524 2305 neque
547 2224 629 2290 satis
663 2221 781 2289 habuit
804 2223 896 2290 docti
923 2222 1028 2290 libelli
1053 2241 1111 2292 co·

59 2333 135 2414 pias
168 2344 264 2414 grato
297 2333 413 2398 animo
437 2329 588 2414 haurire,
620 2332 684 2398 sed
714 2343 974 2415 nonnumquam
1008 2336 1110 2416 parti-

59 2439 155 2505 culas
191 2441 265 2506 eius
299 2439 510 2507 hexametris
532 2438 694 2506 versibus
731 2451 918 2523 expressas
951 2442 985 2507 in
1019 2457 1109 2526 opus

58 2566 162 2614 suum
188 2550 318 2631 recepit
342 2545 456 2630 (197).
500 2564 561 2631 age
585 2565 779 2632 proponam
813 2546 872 2614 tibi
896 2561 1032 2616 ceteros
1060 2549 1110 2616 lo·

98 2727 179 2734 -.-.-.-.
184 2725 270 2732 ...a-⁴⁴..

91 2825 169 2890 (tas)
188 2824 285 2892 possis
304 2825 374 2878 mihi
393 2824 508 2878 obicere
526 2825 636 2893 reliqua
654 2825 751 2878 omnia
762 2835 875 2892 praeter
886 2831 926 2876 tot
938 2826 1109 2892 cognomina

54 2907 102 2962 dei
122 2907 228 2962 Ovidlo
247 2907 313 2961 inde
332 2923 348 2961 a
365 2922 455 2976 puero
477 2915 544 2961 nota
570 2908 670 2962 luisse.
706 2916 830 2961 attamen
858 2911 882 2963 si
910 2918 993 2966 notes
1020 2917 1110 2964 tauto·

54 2994 181 3060 logiam:

261 3099 318 3155 libi
335 3098 415 3155 enim
432 3099 646 3171 inconsumpta
663 3098 788 3154 iuventa
804 3103 849 3154 esi

261 3186 295 3238 tte
309 3199 387 3253 puer
404 3186 554 3268 aeternam,

53 3319 181 3374 lorsltan
200 3319 271 3373 mihi
289 3320 472 3374 concesseris
491 3319 537 3374 hie
549 3331 666 3388 quoque
683 3327 797 3387 poetam
816 3321 926 3375 alienas
944 3333 1016 3388 opes
1034 3333 1111 3374 com·

52 3405 156 3471 pilare.
185 3411 312 3457 ceterum
332 3403 403 3458 mihi
416 3403 561 3470 persuasit
569 3401 804 3458 Wilamovitzius
822 3404 981 3458 rationibus
993 3403 1111 3458 demon·

51 3486 142 3540 strati
161 3499 220 3540 non
238 3501 327 3554 posse
345 3485 482 3542 Ovidium
502 3501 535 3541 ea
553 3499 627 3556 quae
645 3487 931 3554 comprehenduntur
947 3503 991 3542 tv.
1004 3488 1113 3544 20—30

51 3571 165 3637 paritet
182 3575 271 3636 atque
288 3571 399 3639 reliqua
417 3583 433 3626 e
451 3571 524 3625 libro
542 3571 780 3640 mythogtaphico
798 3571 999 3640 descripsisse.

87 3660 169 3729 (196)
188 3676 246 3716 non
265 3661 435 3718 conletendi
453 3671 522 3716 sunt
539 3663 611 3716 Fast.
631 3661 673 3715 111.
690 3663 745 3716 715
757 3677 821 3731 sqq.

87 3753 168 3820 (tad)
187 3753 255 3808 item
274 3755 340 3823 egit,
357 3755 412 3808 nisi
431 3754 508 3823 quod
526 3754 567 3808 illl
586 3755 673 3808 animi
697 3753 866 3822 simplicitas
890 3755 1002 3810 sontica
1025 3770 1112 3811 causa

51 3847 113 3904 est,
143 3845 228 3905 poeta
249 3835 389 3906 Anglieus
416 3852 491 3892 saec.
510 3837 582 3903 XIV,
606 3838 642 3891 de
669 3852 726 3906 quo
752 3836 852 3906 Taine,
878 3840 998 3896 histoire
1024 3841 1060 3894 de
1086 3840 1113 3894 la

50 3922 217 3974 litterature
234 3921 372 3988 anglalse,
388 3922 477 3975 lleme
496 3922 602 3975 edition
622 3921 641 3974 1.
659 3936 685 3989 p.
697 3917 763 3974 ata:
783 3919 916 3977 Chaucer
933 3937 949 3976 a
966 3922 1027 3978 l’air
1044 3923 1112 3976 d'un

51 4005 161 4060 enlant
179 4006 300 4072 precoce
318 4013 346 4059 et
363 4006 447 4073 poete
466 4007 514 4074 qui
533 4007 662 4060 melerait
680 4007 757 4059 ases
776 4007 903 4060 reveries
922 4005 1051 4062 d'amout
1068 4005 1111 4060 les

51 4089 193 4144 citatione
211 4089 247 4142 de
266 4101 319 4143 aon
339 4089 454 4144 manuel
473 4097 501 4143 et
519 4090 562 4144 les
580 4089 733 4152 souvenits
752 4089 787 4142 de
806 4105 860 4144 son
879 4087 1019 4157 alphabet.
