<?xml version="1.0" encoding="UTF-8"?>
<!DOCTYPE html PUBLIC "-//W3C//DTD XHTML 1.0 Transitional//EN"
    "http://www.w3.org/TR/xhtml1/DTD/xhtml1-transitional.dtd">
<html xmlns="http://www.w3.org/1999/xhtml" xml:lang="en" lang="en">
 <head>
  <title>
</title>
<meta http-equiv="Content-Type" content="text/html;charset=utf-8" />
  <meta name='ocr-system' content='tesseract 3.04.00' />
  <meta name='ocr-capabilities' content='ocr_page ocr_carea ocr_par ocr_line ocrx_word'/>
</head>
<body>
  <div class='ocr_page' id='page_1' title='image "./deovidimythopoe01vollgoog_0063.png"; bbox 0 0 3000 5168; ppageno 0'>
   <div class='ocr_carea' id='block_1_1' title="bbox 836 533 956 642">
    <p class='ocr_par' dir='ltr' id='par_1_1' title="bbox 836 533 956 642">
     <span class='ocr_line' id='line_1_1' title="bbox 836 533 956 642; baseline 0.042 -5"><span class='ocrx_word' id='word_1_1' title='bbox 836 533 956 642; x_wconf 78' lang='lat' dir='ltr'>(tt)</span> 
     </span>
    </p>
   </div>
   <div class='ocr_carea' id='block_1_2' title="bbox 370 705 1496 1228">
    <p class='ocr_par' dir='ltr' id='par_1_2' title="bbox 370 705 1496 1228">
     <span class='ocr_line' id='line_1_2' title="bbox 372 705 1421 792; baseline -0.001 -17"><span class='ocrx_word' id='word_1_2' title='bbox 372 726 416 775; x_wconf 89' lang='lat' dir='ltr'>ex</span> <span class='ocrx_word' id='word_1_3' title='bbox 439 726 509 792; x_wconf 92' lang='lat' dir='ltr'>quo</span> <span class='ocrx_word' id='word_1_4' title='bbox 542 705 676 774; x_wconf 90' lang='lat' dir='ltr'>labulae</span> <span class='ocrx_word' id='word_1_5' title='bbox 699 709 853 790; x_wconf 83' lang='lat' dir='ltr'>priorem</span> <span class='ocrx_word' id='word_1_6' title='bbox 888 720 1020 791; x_wconf 89' lang='lat' dir='ltr'>partem</span> <span class='ocrx_word' id='word_1_7' title='bbox 1044 705 1157 774; x_wconf 84' lang='lat' dir='ltr'><strong>hausit</strong></span> <span class='ocrx_word' id='word_1_8' title='bbox 1184 720 1288 774; x_wconf 88' lang='lat' dir='ltr'>totam</span> <span class='ocrx_word' id='word_1_9' title='bbox 1314 725 1421 791; x_wconf 87' lang='lat' dir='ltr'>usque</span> 
     </span>
     <span class='ocr_line' id='line_1_3' title="bbox 370 815 1496 900; baseline -0.002 -17"><span class='ocrx_word' id='word_1_10' title='bbox 370 817 414 883; x_wconf 91' lang='lat' dir='ltr'>ad</span> <span class='ocrx_word' id='word_1_11' title='bbox 435 834 488 883; x_wconf 88' lang='lat' dir='ltr'>vs.</span> <span class='ocrx_word' id='word_1_12' title='bbox 510 819 568 898; x_wconf 80' lang='lat'>63,</span> <span class='ocrx_word' id='word_1_13' title='bbox 601 815 659 882; x_wconf 94' lang='lat' dir='ltr'>ubi</span> <span class='ocrx_word' id='word_1_14' title='bbox 691 815 855 884; x_wconf 91' lang='lat' dir='ltr'>Phoebus</span> <span class='ocrx_word' id='word_1_15' title='bbox 889 818 1052 883; x_wconf 88' lang='lat' dir='ltr'>iuvenem</span> <span class='ocrx_word' id='word_1_16' title='bbox 1086 816 1276 884; x_wconf 89' lang='lat' dir='ltr'>admonere</span> <span class='ocrx_word' id='word_1_17' title='bbox 1311 819 1424 900; x_wconf 93' lang='lat' dir='ltr'>coepit</span> <span class='ocrx_word' id='word_1_18' title='bbox 1490 853 1496 895; x_wconf 62' lang='lat'>,</span> 
     </span>
     <span class='ocr_line' id='line_1_4' title="bbox 372 924 1485 1009; baseline 0 -19"><span class='ocrx_word' id='word_1_19' title='bbox 372 925 416 992; x_wconf 92' lang='lat' dir='ltr'>de</span> <span class='ocrx_word' id='word_1_20' title='bbox 437 927 515 992; x_wconf 92' lang='lat' dir='ltr'>viae</span> <span class='ocrx_word' id='word_1_21' title='bbox 538 924 714 1009; x_wconf 89' lang='lat' dir='ltr'>periculis.</span> <span class='ocrx_word' id='word_1_22' title='bbox 759 927 921 992; x_wconf 93' lang='lat' dir='ltr'>nimirum</span> <span class='ocrx_word' id='word_1_23' title='bbox 945 927 1095 992; x_wconf 92' lang='lat' dir='ltr'>ieiunam</span> <span class='ocrx_word' id='word_1_24' title='bbox 1116 927 1351 993; x_wconf 79' lang='lat' dir='ltr'>narrationem</span> <span class='ocrx_word' id='word_1_25' title='bbox 1368 945 1425 992; x_wconf 88' lang='lat' dir='ltr'>ex·</span> <span class='ocrx_word' id='word_1_26' title='bbox 1480 995 1485 1002; x_wconf 63' lang='grc'><strong>,</strong></span> 
     </span>
     <span class='ocr_line' id='line_1_5' title="bbox 372 1034 1496 1118; baseline 0.003 -19"><span class='ocrx_word' id='word_1_27' title='bbox 372 1036 517 1117; x_wconf 90' lang='lat' dir='ltr'>ornavit,</span> <span class='ocrx_word' id='word_1_28' title='bbox 550 1048 751 1102; x_wconf 91' lang='lat' dir='ltr'>ornamenta</span> <span class='ocrx_word' id='word_1_29' title='bbox 783 1052 870 1102; x_wconf 93' lang='lat' dir='ltr'>vero</span> <span class='ocrx_word' id='word_1_30' title='bbox 904 1034 1007 1101; x_wconf 90' lang='lat' dir='ltr'>huius</span> <span class='ocrx_word' id='word_1_31' title='bbox 1042 1037 1148 1118; x_wconf 91' lang='lat' dir='ltr'>partis</span> <span class='ocrx_word' id='word_1_32' title='bbox 1183 1036 1249 1118; x_wconf 89' lang='lat' dir='ltr'>ipsi</span> <span class='ocrx_word' id='word_1_33' title='bbox 1273 1034 1425 1102; x_wconf 91' lang='lat' dir='ltr'>tribuere</span> <span class='ocrx_word' id='word_1_34' title='bbox 1488 1077 1496 1116; x_wconf 67' lang='lat'><em>;</em></span> 
     </span>
     <span class='ocr_line' id='line_1_6' title="bbox 374 1141 1425 1228; baseline 0 -19"><span class='ocrx_word' id='word_1_35' title='bbox 374 1142 463 1210; x_wconf 91' lang='lat' dir='ltr'>malo</span> <span class='ocrx_word' id='word_1_36' title='bbox 487 1162 590 1228; x_wconf 91' lang='lat' dir='ltr'>quam</span> <span class='ocrx_word' id='word_1_37' title='bbox 612 1146 774 1228; x_wconf 85' lang='lat' dir='ltr'>scriptori</span> <span class='ocrx_word' id='word_1_38' title='bbox 798 1142 1046 1226; x_wconf 81' lang='lat' dir='ltr'>Alexandrino,</span> <span class='ocrx_word' id='word_1_39' title='bbox 1069 1145 1127 1227; x_wconf 92' lang='lat' dir='ltr'>qui</span> <span class='ocrx_word' id='word_1_40' title='bbox 1151 1141 1294 1211; x_wconf 80' lang='lat' dir='ltr'>forsitan</span> <span class='ocrx_word' id='word_1_41' title='bbox 1319 1147 1353 1210; x_wconf 92' lang='lat' dir='ltr'>in</span> <span class='ocrx_word' id='word_1_42' title='bbox 1378 1145 1425 1210; x_wconf 91' lang='lat' dir='ltr'>di·</span> 
     </span>
    </p>
   </div>
   <div class='ocr_carea' id='block_1_3' title="bbox 371 1437 1425 1581">
    <p class='ocr_par' dir='ltr' id='par_1_3' title="bbox 371 1437 1425 1581">
     <span class='ocr_line' id='line_1_7' title="bbox 371 1437 1425 1511; baseline -0.005 -15"><span class='ocrx_word' id='word_1_43' title='bbox 371 1442 497 1511; x_wconf 89' lang='lat' dir='ltr'>denique</span> <span class='ocrx_word' id='word_1_44' title='bbox 515 1441 593 1496; x_wconf 91' lang='lat' dir='ltr'>cordi</span> <span class='ocrx_word' id='word_1_45' title='bbox 613 1439 707 1496; x_wconf 89' lang='lat' dir='ltr'>luisse</span> <span class='ocrx_word' id='word_1_46' title='bbox 725 1441 863 1506; x_wconf 82' lang='lat' dir='ltr'>atulam,</span> <span class='ocrx_word' id='word_1_47' title='bbox 885 1455 959 1508; x_wconf 90' lang='lat' dir='ltr'>quae</span> <span class='ocrx_word' id='word_1_48' title='bbox 978 1439 1149 1494; x_wconf 79' lang='lat' dir='ltr'>Phaethonti</span> <span class='ocrx_word' id='word_1_49' title='bbox 1168 1439 1293 1493; x_wconf 90' lang='lat' dir='ltr'>tenenda</span> <span class='ocrx_word' id='word_1_50' title='bbox 1312 1437 1425 1504; x_wconf 89' lang='lat' dir='ltr'>luisset,</span> 
     </span>
     <span class='ocr_line' id='line_1_8' title="bbox 372 1523 962 1581; baseline -0.003 -1"><span class='ocrx_word' id='word_1_51' title='bbox 372 1527 511 1580; x_wconf 91' lang='lat' dir='ltr'>circulum</span> <span class='ocrx_word' id='word_1_52' title='bbox 531 1526 655 1581; x_wconf 91' lang='lat' dir='ltr'>lacteum</span> <span class='ocrx_word' id='word_1_53' title='bbox 675 1523 769 1580; x_wconf 88' lang='lat' dir='ltr'>luisse</span> <span class='ocrx_word' id='word_1_54' title='bbox 787 1525 962 1578; x_wconf 83' lang='lat' dir='ltr'>ostenderet.</span> 
     </span>
    </p>
   </div>
   <div class='ocr_carea' id='block_1_4' title="bbox 371 1617 1498 2021">
    <p class='ocr_par' dir='ltr' id='par_1_4' title="bbox 371 1617 1498 2021">
     <span class='ocr_line' id='line_1_9' title="bbox 405 1617 1425 1688; baseline -0.005 -15"><span class='ocrx_word' id='word_1_55' title='bbox 405 1634 438 1674; x_wconf 90' lang='lat' dir='ltr'>ea</span> <span class='ocrx_word' id='word_1_56' title='bbox 456 1620 554 1673; x_wconf 90' lang='lat' dir='ltr'>omnia</span> <span class='ocrx_word' id='word_1_57' title='bbox 572 1620 620 1688; x_wconf 94' lang='lat' dir='ltr'>qui</span> <span class='ocrx_word' id='word_1_58' title='bbox 633 1619 799 1672; x_wconf 86' lang='lat' dir='ltr'>consideret</span> <span class='ocrx_word' id='word_1_59' title='bbox 812 1632 897 1686; x_wconf 91' lang='lat' dir='ltr'>quam</span> <span class='ocrx_word' id='word_1_60' title='bbox 911 1618 1076 1672; x_wconf 91' lang='lat' dir='ltr'>inconsulto</span> <span class='ocrx_word' id='word_1_61' title='bbox 1090 1631 1122 1671; x_wconf 91' lang='lat' dir='ltr'>ac</span> <span class='ocrx_word' id='word_1_62' title='bbox 1135 1625 1246 1670; x_wconf 90' lang='lat' dir='ltr'>temere</span> <span class='ocrx_word' id='word_1_63' title='bbox 1258 1631 1274 1669; x_wconf 92' lang='lat' dir='ltr'>a</span> <span class='ocrx_word' id='word_1_64' title='bbox 1286 1617 1425 1682; x_wconf 88' lang='lat' dir='ltr'>scriptore</span> 
     </span>
     <span class='ocr_line' id='line_1_10' title="bbox 371 1700 1426 1772; baseline -0.005 -15"><span class='ocrx_word' id='word_1_65' title='bbox 371 1712 528 1772; x_wconf 90' lang='lat' dir='ltr'>ponantur,</span> <span class='ocrx_word' id='word_1_66' title='bbox 563 1704 633 1756; x_wconf 91' lang='lat' dir='ltr'>satis</span> <span class='ocrx_word' id='word_1_67' title='bbox 663 1703 770 1756; x_wconf 88' lang='lat' dir='ltr'>babere</span> <span class='ocrx_word' id='word_1_68' title='bbox 804 1709 899 1769; x_wconf 92' lang='lat' dir='ltr'>potest</span> <span class='ocrx_word' id='word_1_69' title='bbox 933 1709 1101 1768; x_wconf 91' lang='lat' dir='ltr'>argumenta</span> <span class='ocrx_word' id='word_1_70' title='bbox 1139 1700 1280 1769; x_wconf 85' lang='lat' dir='ltr'>quaedam</span> <span class='ocrx_word' id='word_1_71' title='bbox 1319 1706 1426 1764; x_wconf 89' lang='lat' dir='ltr'>notare,</span> 
     </span>
     <span class='ocr_line' id='line_1_11' title="bbox 371 1772 1498 1856; baseline -0.008 -14"><span class='ocrx_word' id='word_1_72' title='bbox 371 1789 476 1856; x_wconf 89' lang='lat' dir='ltr'>quibus</span> <span class='ocrx_word' id='word_1_73' title='bbox 497 1787 611 1841; x_wconf 91' lang='lat' dir='ltr'>reiectis</span> <span class='ocrx_word' id='word_1_74' title='bbox 630 1795 721 1840; x_wconf 91' lang='lat' dir='ltr'>totum</span> <span class='ocrx_word' id='word_1_75' title='bbox 740 1785 902 1839; x_wconf 90' lang='lat' dir='ltr'>aedilicium</span> <span class='ocrx_word' id='word_1_76' title='bbox 920 1772 1066 1853; x_wconf 87' lang='lat' dir='ltr'>tamquam</span> <span class='ocrx_word' id='word_1_77' title='bbox 1088 1784 1285 1839; x_wconf 79' lang='lat' dir='ltr'>fundamentis</span> <span class='ocrx_word' id='word_1_78' title='bbox 1304 1785 1426 1838; x_wconf 90' lang='lat' dir='ltr'>sublatis</span> <span class='ocrx_word' id='word_1_79' title='bbox 1495 1799 1498 1833; x_wconf 78' lang='lat' dir='ltr'>t</span> 
     </span>
     <span class='ocr_line' id='line_1_12' title="bbox 371 1869 1498 1936; baseline -0.006 -11"><span class='ocrx_word' id='word_1_80' title='bbox 371 1871 538 1925; x_wconf 91' lang='lat' dir='ltr'>necessario</span> <span class='ocrx_word' id='word_1_81' title='bbox 560 1879 683 1924; x_wconf 90' lang='lat' dir='ltr'>corruet.</span> <span class='ocrx_word' id='word_1_82' title='bbox 718 1883 818 1923; x_wconf 91' lang='lat' dir='ltr'>verum</span> <span class='ocrx_word' id='word_1_83' title='bbox 843 1870 898 1926; x_wconf 89' lang='lat' dir='ltr'>boc</span> <span class='ocrx_word' id='word_1_84' title='bbox 921 1870 1007 1936; x_wconf 92' lang='lat' dir='ltr'>paulo</span> <span class='ocrx_word' id='word_1_85' title='bbox 1029 1877 1107 1936; x_wconf 92' lang='lat' dir='ltr'>post;</span> <span class='ocrx_word' id='word_1_86' title='bbox 1134 1883 1186 1935; x_wconf 89' lang='lat' dir='ltr'>age</span> <span class='ocrx_word' id='word_1_87' title='bbox 1204 1869 1331 1935; x_wconf 92' lang='lat' dir='ltr'>primum</span> <span class='ocrx_word' id='word_1_88' title='bbox 1351 1882 1426 1922; x_wconf 92' lang='lat' dir='ltr'>nunc</span> <span class='ocrx_word' id='word_1_89' title='bbox 1497 1887 1498 1918; x_wconf 78' lang='grc'>;</span> 
     </span>
     <span class='ocr_line' id='line_1_13' title="bbox 371 1953 892 2021; baseline -0.008 -12"><span class='ocrx_word' id='word_1_90' title='bbox 371 1956 522 2009; x_wconf 89' lang='lat' dir='ltr'>videamus</span> <span class='ocrx_word' id='word_1_91' title='bbox 541 1954 576 2008; x_wconf 90' lang='lat' dir='ltr'>de</span> <span class='ocrx_word' id='word_1_92' title='bbox 594 1954 687 2021; x_wconf 89' lang='lat' dir='ltr'>capite</span> <span class='ocrx_word' id='word_1_93' title='bbox 705 1953 892 2021; x_wconf 85' lang='lat' dir='ltr'>quaestionis.</span> 
     </span>
    </p>
   </div>
   <div class='ocr_carea' id='block_1_5' title="bbox 371 2054 1499 3215">
    <p class='ocr_par' dir='ltr' id='par_1_5' title="bbox 371 2054 1499 3215">
     <span class='ocr_line' id='line_1_14' title="bbox 406 2054 1498 2124; baseline -0.003 -15"><span class='ocrx_word' id='word_1_94' title='bbox 406 2057 472 2124; x_wconf 92' lang='lat' dir='ltr'>quis</span> <span class='ocrx_word' id='word_1_95' title='bbox 501 2055 617 2108; x_wconf 89' lang='lat' dir='ltr'>tandem</span> <span class='ocrx_word' id='word_1_96' title='bbox 649 2055 723 2108; x_wconf 90' lang='lat' dir='ltr'>inter</span> <span class='ocrx_word' id='word_1_97' title='bbox 752 2054 948 2108; x_wconf 88' lang='lat' dir='ltr'>Romanorum</span> <span class='ocrx_word' id='word_1_98' title='bbox 983 2054 1158 2122; x_wconf 84' lang='lat' dir='ltr'>antiquitatis</span> <span class='ocrx_word' id='word_1_99' title='bbox 1191 2055 1320 2108; x_wconf 88' lang='lat' dir='ltr'>cultores</span> <span class='ocrx_word' id='word_1_100' title='bbox 1351 2055 1426 2108; x_wconf 87' lang='lat' dir='ltr'>serio</span> <span class='ocrx_word' id='word_1_101' title='bbox 1497 2056 1498 2088; x_wconf 78' lang='lat'>³</span> 
     </span>
     <span class='ocr_line' id='line_1_15' title="bbox 371 2137 1427 2206; baseline -0.002 -14"><span class='ocrx_word' id='word_1_102' title='bbox 371 2139 468 2192; x_wconf 89' lang='lat' dir='ltr'>credat</span> <span class='ocrx_word' id='word_1_103' title='bbox 486 2152 589 2206; x_wconf 92' lang='lat' dir='ltr'>poema</span> <span class='ocrx_word' id='word_1_104' title='bbox 602 2137 687 2191; x_wconf 93' lang='lat' dir='ltr'>Ovidi</span> <span class='ocrx_word' id='word_1_105' title='bbox 706 2139 734 2191; x_wconf 93' lang='lat' dir='ltr'>in</span> <span class='ocrx_word' id='word_1_106' title='bbox 753 2139 830 2192; x_wconf 88' lang='lat' dir='ltr'>bunc</span> <span class='ocrx_word' id='word_1_107' title='bbox 849 2139 967 2192; x_wconf 91' lang='lat' dir='ltr'>modum</span> <span class='ocrx_word' id='word_1_108' title='bbox 986 2139 1131 2206; x_wconf 91' lang='lat' dir='ltr'>corrumpi</span> <span class='ocrx_word' id='word_1_109' title='bbox 1149 2137 1303 2206; x_wconf 80' lang='lat' dir='ltr'>potuisse?</span> <span class='ocrx_word' id='word_1_110' title='bbox 1322 2139 1427 2206; x_wconf 90' lang='lat' dir='ltr'>quippe</span> 
     </span>
     <span class='ocr_line' id='line_1_16' title="bbox 373 2221 1499 2290; baseline -0.004 -12"><span class='ocrx_word' id='word_1_111' title='bbox 373 2237 430 2278; x_wconf 91' lang='lat' dir='ltr'>non</span> <span class='ocrx_word' id='word_1_112' title='bbox 449 2223 562 2290; x_wconf 84' lang='lat' dir='ltr'>agimus</span> <span class='ocrx_word' id='word_1_113' title='bbox 580 2221 617 2275; x_wconf 91' lang='lat' dir='ltr'>de</span> <span class='ocrx_word' id='word_1_114' title='bbox 634 2231 732 2275; x_wconf 91' lang='lat' dir='ltr'>vetere</span> <span class='ocrx_word' id='word_1_115' title='bbox 750 2223 845 2290; x_wconf 90' lang='lat' dir='ltr'>aliquo</span> <span class='ocrx_word' id='word_1_116' title='bbox 864 2223 992 2276; x_wconf 85' lang='lat' dir='ltr'>carmine</span> <span class='ocrx_word' id='word_1_117' title='bbox 1011 2223 1102 2290; x_wconf 80' lang='lat' dir='ltr'>spico,</span> <span class='ocrx_word' id='word_1_118' title='bbox 1119 2237 1220 2276; x_wconf 89' lang='lat' dir='ltr'>verum</span> <span class='ocrx_word' id='word_1_119' title='bbox 1239 2222 1275 2275; x_wconf 90' lang='lat' dir='ltr'>de</span> <span class='ocrx_word' id='word_1_120' title='bbox 1295 2223 1427 2276; x_wconf 91' lang='lat' dir='ltr'>lucubra-</span> <span class='ocrx_word' id='word_1_121' title='bbox 1498 2223 1499 2256; x_wconf 73' lang='lat'>³</span> 
     </span>
     <span class='ocr_line' id='line_1_17' title="bbox 372 2304 1499 2374; baseline -0.002 -14"><span class='ocrx_word' id='word_1_122' title='bbox 372 2307 499 2360; x_wconf 85' lang='lat' dir='ltr'>tionibus</span> <span class='ocrx_word' id='word_1_123' title='bbox 525 2305 598 2360; x_wconf 91' lang='lat' dir='ltr'>vatis</span> <span class='ocrx_word' id='word_1_124' title='bbox 626 2304 747 2373; x_wconf 80' lang='lat' dir='ltr'>Augusti</span> <span class='ocrx_word' id='word_1_125' title='bbox 775 2307 903 2374; x_wconf 90' lang='lat' dir='ltr'>aequalis</span> <span class='ocrx_word' id='word_1_126' title='bbox 933 2307 1016 2360; x_wconf 92' lang='lat' dir='ltr'>cuius</span> <span class='ocrx_word' id='word_1_127' title='bbox 1045 2321 1149 2360; x_wconf 87' lang='lat' dir='ltr'>versus</span> <span class='ocrx_word' id='word_1_128' title='bbox 1179 2307 1208 2359; x_wconf 93' lang='lat' dir='ltr'>in</span> <span class='ocrx_word' id='word_1_129' title='bbox 1234 2307 1341 2374; x_wconf 90' lang='lat' dir='ltr'>vulgus</span> <span class='ocrx_word' id='word_1_130' title='bbox 1369 2307 1426 2360; x_wconf 92' lang='lat' dir='ltr'>noti</span> <span class='ocrx_word' id='word_1_131' title='bbox 1498 2311 1499 2342; x_wconf 75' lang='lat'><em>³</em></span> 
     </span>
     <span class='ocr_line' id='line_1_18' title="bbox 373 2389 1499 2458; baseline -0.002 -14"><span class='ocrx_word' id='word_1_132' title='bbox 373 2397 460 2444; x_wconf 92' lang='lat' dir='ltr'>erant.</span> <span class='ocrx_word' id='word_1_133' title='bbox 496 2389 613 2457; x_wconf 89' lang='lat' dir='ltr'>quinam</span> <span class='ocrx_word' id='word_1_134' title='bbox 632 2390 805 2457; x_wconf 86' lang='lat' dir='ltr'>bibliopolae</span> <span class='ocrx_word' id='word_1_135' title='bbox 824 2389 951 2444; x_wconf 91' lang='lat' dir='ltr'>labulam</span> <span class='ocrx_word' id='word_1_136' title='bbox 970 2390 1152 2444; x_wconf 86' lang='lat' dir='ltr'>notissimam</span> <span class='ocrx_word' id='word_1_137' title='bbox 1172 2390 1426 2458; x_wconf 90' lang='lat' dir='ltr'>grammaticorum</span> <span class='ocrx_word' id='word_1_138' title='bbox 1496 2395 1499 2426; x_wconf 72' lang='grc' dir='ltr'>ῑ</span> 
     </span>
     <span class='ocr_line' id='line_1_19' title="bbox 372 2474 1494 2542; baseline 0 -16"><span class='ocrx_word' id='word_1_139' title='bbox 372 2487 460 2542; x_wconf 90' lang='lat' dir='ltr'>opera</span> <span class='ocrx_word' id='word_1_140' title='bbox 489 2475 533 2527; x_wconf 93' lang='lat' dir='ltr'>bis</span> <span class='ocrx_word' id='word_1_141' title='bbox 563 2487 683 2541; x_wconf 88' lang='lat' dir='ltr'>prorsus</span> <span class='ocrx_word' id='word_1_142' title='bbox 710 2474 889 2528; x_wconf 89' lang='lat' dir='ltr'>immutatam</span> <span class='ocrx_word' id='word_1_143' title='bbox 920 2483 1005 2542; x_wconf 91' lang='lat' dir='ltr'>atque</span> <span class='ocrx_word' id='word_1_144' title='bbox 1035 2474 1251 2541; x_wconf 86' lang='lat' dir='ltr'>pessumdatam</span> <span class='ocrx_word' id='word_1_145' title='bbox 1283 2474 1426 2528; x_wconf 88' lang='lat' dir='ltr'>edendam</span> <span class='ocrx_word' id='word_1_146' title='bbox 1490 2475 1494 2482; x_wconf 90' lang='lat'>&#39;</span> 
     </span>
     <span class='ocr_line' id='line_1_20' title="bbox 372 2557 1429 2626; baseline 0 -15"><span class='ocrx_word' id='word_1_147' title='bbox 372 2558 578 2625; x_wconf 77' lang='lat' dir='ltr'>susceperint?</span> <span class='ocrx_word' id='word_1_148' title='bbox 601 2558 687 2626; x_wconf 89' lang='lat' dir='ltr'>quive</span> <span class='ocrx_word' id='word_1_149' title='bbox 704 2559 881 2625; x_wconf 82' lang='lat' dir='ltr'>grammatici</span> <span class='ocrx_word' id='word_1_150' title='bbox 900 2559 1083 2614; x_wconf 87' lang='lat' dir='ltr'>incubuerint</span> <span class='ocrx_word' id='word_1_151' title='bbox 1100 2558 1129 2612; x_wconf 95' lang='lat' dir='ltr'>in</span> <span class='ocrx_word' id='word_1_152' title='bbox 1148 2559 1242 2613; x_wconf 90' lang='lat' dir='ltr'>studia</span> <span class='ocrx_word' id='word_1_153' title='bbox 1259 2565 1317 2612; x_wconf 92' lang='lat' dir='ltr'>tam</span> <span class='ocrx_word' id='word_1_154' title='bbox 1338 2557 1429 2612; x_wconf 87' lang='lat' dir='ltr'>illibe-</span> 
     </span>
     <span class='ocr_line' id='line_1_21' title="bbox 373 2641 1429 2710; baseline 0.002 -16"><span class='ocrx_word' id='word_1_155' title='bbox 373 2641 463 2696; x_wconf 80' lang='lat' dir='ltr'>ralia?</span> <span class='ocrx_word' id='word_1_156' title='bbox 492 2657 567 2710; x_wconf 91' lang='lat' dir='ltr'>quos</span> <span class='ocrx_word' id='word_1_157' title='bbox 594 2642 679 2696; x_wconf 86' lang='lat' dir='ltr'>etiam</span> <span class='ocrx_word' id='word_1_158' title='bbox 707 2643 822 2710; x_wconf 90' lang='lat' dir='ltr'>egregie</span> <span class='ocrx_word' id='word_1_159' title='bbox 844 2643 979 2697; x_wconf 89' lang='lat' dir='ltr'>calluisse</span> <span class='ocrx_word' id='word_1_160' title='bbox 1006 2644 1182 2710; x_wconf 87' lang='lat' dir='ltr'>oportuisset</span> <span class='ocrx_word' id='word_1_161' title='bbox 1208 2651 1298 2696; x_wconf 89' lang='lat' dir='ltr'>artem</span> <span class='ocrx_word' id='word_1_162' title='bbox 1317 2657 1429 2696; x_wconf 90' lang='lat' dir='ltr'>sermo·</span> 
     </span>
     <span class='ocr_line' id='line_1_22' title="bbox 373 2725 1496 2795; baseline -0.002 -15"><span class='ocrx_word' id='word_1_163' title='bbox 373 2741 500 2794; x_wconf 92' lang='lat' dir='ltr'>nemque</span> <span class='ocrx_word' id='word_1_164' title='bbox 518 2725 702 2792; x_wconf 84' lang='lat' dir='ltr'>Ouidianum,</span> <span class='ocrx_word' id='word_1_165' title='bbox 729 2727 872 2794; x_wconf 89' lang='lat' dir='ltr'>siquidem</span> <span class='ocrx_word' id='word_1_166' title='bbox 901 2728 972 2782; x_wconf 90' lang='lat' dir='ltr'>nihil</span> <span class='ocrx_word' id='word_1_167' title='bbox 999 2729 1076 2781; x_wconf 91' lang='lat' dir='ltr'>inest</span> <span class='ocrx_word' id='word_1_168' title='bbox 1101 2727 1129 2780; x_wconf 93' lang='lat' dir='ltr'>in</span> <span class='ocrx_word' id='word_1_169' title='bbox 1154 2735 1212 2780; x_wconf 88' lang='lat' dir='ltr'>tota</span> <span class='ocrx_word' id='word_1_170' title='bbox 1237 2725 1332 2780; x_wconf 91' lang='lat' dir='ltr'>labula</span> <span class='ocrx_word' id='word_1_171' title='bbox 1352 2727 1427 2795; x_wconf 90' lang='lat' dir='ltr'>quod</span> <span class='ocrx_word' id='word_1_172' title='bbox 1492 2755 1496 2762; x_wconf 90' lang='lat'><em>-</em></span> 
     </span>
     <span class='ocr_line' id='line_1_23' title="bbox 374 2811 1428 2879; baseline 0.001 -16"><span class='ocrx_word' id='word_1_173' title='bbox 374 2811 518 2879; x_wconf 87' lang='lat' dir='ltr'>discrepet</span> <span class='ocrx_word' id='word_1_174' title='bbox 530 2826 546 2865; x_wconf 91' lang='lat' dir='ltr'>a</span> <span class='ocrx_word' id='word_1_175' title='bbox 558 2811 770 2865; x_wconf 90' lang='lat' dir='ltr'>consuetudine</span> <span class='ocrx_word' id='word_1_176' title='bbox 784 2812 929 2865; x_wconf 89' lang='lat' dir='ltr'>scribendi</span> <span class='ocrx_word' id='word_1_177' title='bbox 942 2813 1095 2878; x_wconf 88' lang='lat' dir='ltr'>ingeniove</span> <span class='ocrx_word' id='word_1_178' title='bbox 1108 2812 1275 2878; x_wconf 88' lang='lat' dir='ltr'>peritissimi</span> <span class='ocrx_word' id='word_1_179' title='bbox 1288 2825 1428 2865; x_wconf 90' lang='lat' dir='ltr'>versuum</span> 
     </span>
     <span class='ocr_line' id='line_1_24' title="bbox 374 2894 1428 2963; baseline -0.002 -15"><span class='ocrx_word' id='word_1_180' title='bbox 374 2897 591 2963; x_wconf 89' lang='lat' dir='ltr'>pangendorum</span> <span class='ocrx_word' id='word_1_181' title='bbox 620 2895 744 2948; x_wconf 83' lang='lat' dir='ltr'>artificis.</span> <span class='ocrx_word' id='word_1_182' title='bbox 779 2895 849 2948; x_wconf 90' lang='lat' dir='ltr'>haec</span> <span class='ocrx_word' id='word_1_183' title='bbox 876 2903 973 2948; x_wconf 89' lang='lat' dir='ltr'>tamen</span> <span class='ocrx_word' id='word_1_184' title='bbox 1000 2894 1179 2962; x_wconf 87' lang='lat' dir='ltr'>Hoepltenus</span> <span class='ocrx_word' id='word_1_185' title='bbox 1206 2895 1260 2948; x_wconf 92' lang='lat' dir='ltr'>sibi</span> <span class='ocrx_word' id='word_1_186' title='bbox 1288 2896 1428 2962; x_wconf 90' lang='lat' dir='ltr'>probavit.</span> 
     </span>
     <span class='ocr_line' id='line_1_25' title="bbox 375 2978 1431 3047; baseline -0.001 -15"><span class='ocrx_word' id='word_1_187' title='bbox 375 2994 448 3047; x_wconf 91' lang='lat' dir='ltr'>quae</span> <span class='ocrx_word' id='word_1_188' title='bbox 466 2993 532 3034; x_wconf 87' lang='lat' dir='ltr'>cum</span> <span class='ocrx_word' id='word_1_189' title='bbox 552 2993 603 3046; x_wconf 90' lang='lat' dir='ltr'>per</span> <span class='ocrx_word' id='word_1_190' title='bbox 621 2993 655 3033; x_wconf 89' lang='lat' dir='ltr'>se</span> <span class='ocrx_word' id='word_1_191' title='bbox 673 2980 826 3047; x_wconf 91' lang='lat' dir='ltr'>perspicue</span> <span class='ocrx_word' id='word_1_192' title='bbox 846 2978 918 3033; x_wconf 90' lang='lat' dir='ltr'>lalsa</span> <span class='ocrx_word' id='word_1_193' title='bbox 936 2981 1002 3041; x_wconf 87' lang='lat' dir='ltr'>sint,</span> <span class='ocrx_word' id='word_1_194' title='bbox 1029 2987 1089 3032; x_wconf 94' lang='lat' dir='ltr'>tum</span> <span class='ocrx_word' id='word_1_195' title='bbox 1111 2978 1279 3033; x_wconf 83' lang='lat' dir='ltr'>falsissimis</span> <span class='ocrx_word' id='word_1_196' title='bbox 1297 2980 1431 3032; x_wconf 92' lang='lat' dir='ltr'>nituntur</span> 
     </span>
     <span class='ocr_line' id='line_1_26' title="bbox 373 3064 1429 3132; baseline -0.001 -16"><span class='ocrx_word' id='word_1_197' title='bbox 373 3064 560 3130; x_wconf 89' lang='lat' dir='ltr'>argumentis.</span> <span class='ocrx_word' id='word_1_198' title='bbox 587 3077 709 3129; x_wconf 89' lang='lat' dir='ltr'>quotum</span> <span class='ocrx_word' id='word_1_199' title='bbox 723 3077 791 3117; x_wconf 91' lang='lat' dir='ltr'>ecce</span> <span class='ocrx_word' id='word_1_200' title='bbox 810 3065 919 3132; x_wconf 89' lang='lat' dir='ltr'>aliquot</span> <span class='ocrx_word' id='word_1_201' title='bbox 933 3064 1064 3131; x_wconf 86' lang='lat' dir='ltr'>exempla</span> <span class='ocrx_word' id='word_1_202' title='bbox 1077 3072 1105 3116; x_wconf 93' lang='lat' dir='ltr'>et</span> <span class='ocrx_word' id='word_1_203' title='bbox 1117 3064 1211 3130; x_wconf 93' lang='lat' dir='ltr'>primo</span> <span class='ocrx_word' id='word_1_204' title='bbox 1231 3064 1349 3130; x_wconf 91' lang='lat' dir='ltr'>quidem</span> <span class='ocrx_word' id='word_1_205' title='bbox 1365 3065 1429 3116; x_wconf 89' lang='lat' dir='ltr'>loco</span> 
     </span>
     <span class='ocr_line' id='line_1_27' title="bbox 373 3147 872 3215; baseline 0.002 -15"><span class='ocrx_word' id='word_1_206' title='bbox 373 3148 441 3202; x_wconf 91' lang='lat' dir='ltr'>vitia</span> <span class='ocrx_word' id='word_1_207' title='bbox 458 3147 600 3215; x_wconf 91' lang='lat' dir='ltr'>quaedam</span> <span class='ocrx_word' id='word_1_208' title='bbox 620 3148 872 3214; x_wconf 89' lang='lat' dir='ltr'>interpretationis.</span> 
     </span>
    </p>
   </div>
   <div class='ocr_carea' id='block_1_6' title="bbox 373 3239 1436 3736">
    <p class='ocr_par' dir='ltr' id='par_1_6' title="bbox 373 3239 1436 3736">
     <span class='ocr_line' id='line_1_28' title="bbox 408 3239 1431 3316; baseline -0.001 -15"><span class='ocrx_word' id='word_1_209' title='bbox 408 3239 503 3302; x_wconf 87' lang='lat' dir='ltr'>nar&#39;rat</span> <span class='ocrx_word' id='word_1_210' title='bbox 516 3246 639 3301; x_wconf 90' lang='lat' dir='ltr'>Ovidius</span> <span class='ocrx_word' id='word_1_211' title='bbox 658 3247 699 3314; x_wconf 90' lang='lat'>(11.</span> <span class='ocrx_word' id='word_1_212' title='bbox 711 3247 747 3300; x_wconf 85' lang='lat'>40</span> <span class='ocrx_word' id='word_1_213' title='bbox 757 3249 813 3316; x_wconf 88' lang='lat' dir='ltr'>sq.)</span> <span class='ocrx_word' id='word_1_214' title='bbox 832 3247 929 3302; x_wconf 90' lang='lat' dir='ltr'>Solem</span> <span class='ocrx_word' id='word_1_215' title='bbox 943 3258 974 3301; x_wconf 89' lang='lat' dir='ltr'>ut</span> <span class='ocrx_word' id='word_1_216' title='bbox 986 3249 1077 3302; x_wconf 87' lang='lat' dir='ltr'>lilium</span> <span class='ocrx_word' id='word_1_217' title='bbox 1097 3249 1320 3316; x_wconf 89' lang='lat' dir='ltr'>amplecteretur</span> <span class='ocrx_word' id='word_1_218' title='bbox 1334 3249 1431 3301; x_wconf 85' lang='lat' dir='ltr'>radios</span> 
     </span>
     <span class='ocr_line' id='line_1_29' title="bbox 373 3331 1433 3400; baseline 0.001 -15"><span class='ocrx_word' id='word_1_219' title='bbox 373 3333 481 3386; x_wconf 89' lang='lat' dir='ltr'>circum</span> <span class='ocrx_word' id='word_1_220' title='bbox 500 3340 584 3398; x_wconf 92' lang='lat' dir='ltr'>caput</span> <span class='ocrx_word' id='word_1_221' title='bbox 602 3331 785 3398; x_wconf 87' lang='lat' dir='ltr'>deposuisse,</span> <span class='ocrx_word' id='word_1_222' title='bbox 811 3333 921 3386; x_wconf 91' lang='lat' dir='ltr'>scilicet</span> <span class='ocrx_word' id='word_1_223' title='bbox 947 3333 1023 3400; x_wconf 93' lang='lat' dir='ltr'>quod</span> <span class='ocrx_word' id='word_1_224' title='bbox 1049 3332 1157 3386; x_wconf 88' lang='lat' dir='ltr'>nimius</span> <span class='ocrx_word' id='word_1_225' title='bbox 1184 3332 1324 3399; x_wconf 90' lang='lat' dir='ltr'>splendor</span> <span class='ocrx_word' id='word_1_226' title='bbox 1342 3332 1433 3386; x_wconf 85' lang='lat' dir='ltr'>Phae·</span> 
     </span>
     <span class='ocr_line' id='line_1_30' title="bbox 374 3416 1434 3486; baseline -0.002 -16"><span class='ocrx_word' id='word_1_227' title='bbox 374 3417 465 3470; x_wconf 91' lang='lat' dir='ltr'>thonti</span> <span class='ocrx_word' id='word_1_228' title='bbox 493 3416 700 3484; x_wconf 87' lang='lat' dir='ltr'>impedimento</span> <span class='ocrx_word' id='word_1_229' title='bbox 730 3417 847 3478; x_wconf 88' lang='lat' dir='ltr'>luisset,</span> <span class='ocrx_word' id='word_1_230' title='bbox 874 3417 1030 3486; x_wconf 88' lang='lat' dir='ltr'>quominus</span> <span class='ocrx_word' id='word_1_231' title='bbox 1058 3417 1176 3483; x_wconf 90' lang='lat' dir='ltr'>propius</span> <span class='ocrx_word' id='word_1_232' title='bbox 1204 3416 1362 3470; x_wconf 86' lang='lat' dir='ltr'>accederet.</span> <span class='ocrx_word' id='word_1_233' title='bbox 1406 3427 1434 3468; x_wconf 90' lang='lat' dir='ltr'>at</span> 
     </span>
     <span class='ocr_line' id='line_1_31' title="bbox 375 3500 1434 3569; baseline -0.001 -15"><span class='ocrx_word' id='word_1_234' title='bbox 375 3501 552 3568; x_wconf 87' lang='lat' dir='ltr'>Hoepltenus</span> <span class='ocrx_word' id='word_1_235' title='bbox 580 3501 669 3554; x_wconf 91' lang='lat' dir='ltr'>sumit</span> <span class='ocrx_word' id='word_1_236' title='bbox 694 3501 749 3554; x_wconf 91' lang='lat' dir='ltr'>hoc</span> <span class='ocrx_word' id='word_1_237' title='bbox 777 3503 839 3554; x_wconf 91' lang='lat' dir='ltr'>loco</span> <span class='ocrx_word' id='word_1_238' title='bbox 867 3501 1019 3569; x_wconf 83' lang='lat' dir='ltr'>significari</span> <span class='ocrx_word' id='word_1_239' title='bbox 1044 3500 1116 3554; x_wconf 90' lang='lat' dir='ltr'>solis</span> <span class='ocrx_word' id='word_1_240' title='bbox 1134 3515 1279 3555; x_wconf 89' lang='lat' dir='ltr'>occasum.</span> <span class='ocrx_word' id='word_1_241' title='bbox 1316 3501 1434 3568; x_wconf 91' lang='lat' dir='ltr'>quidsi</span> 
     </span>
     <span class='ocr_line' id='line_1_32' title="bbox 374 3583 1436 3651; baseline -0.002 -13"><span class='ocrx_word' id='word_1_242' title='bbox 374 3599 427 3651; x_wconf 88' lang='lat' dir='ltr'>ego</span> <span class='ocrx_word' id='word_1_243' title='bbox 446 3584 510 3640; x_wconf 88' lang='lat' dir='ltr'>dico</span> <span class='ocrx_word' id='word_1_244' title='bbox 522 3584 689 3638; x_wconf 89' lang='lat' dir='ltr'>iamdudum</span> <span class='ocrx_word' id='word_1_245' title='bbox 703 3593 817 3638; x_wconf 88' lang='lat' dir='ltr'>noctem</span> <span class='ocrx_word' id='word_1_246' title='bbox 832 3583 935 3650; x_wconf 89' lang='lat' dir='ltr'>luisse,</span> <span class='ocrx_word' id='word_1_247' title='bbox 952 3598 1018 3638; x_wconf 89' lang='lat' dir='ltr'>cum</span> <span class='ocrx_word' id='word_1_248' title='bbox 1033 3583 1082 3638; x_wconf 86' lang='lat' dir='ltr'>Sol</span> <span class='ocrx_word' id='word_1_249' title='bbox 1096 3599 1153 3638; x_wconf 93' lang='lat' dir='ltr'>nort</span> <span class='ocrx_word' id='word_1_250' title='bbox 1167 3598 1251 3638; x_wconf 89' lang='lat' dir='ltr'>curru</span> <span class='ocrx_word' id='word_1_251' title='bbox 1264 3585 1436 3644; x_wconf 83' lang='lat' dir='ltr'>veheretur,</span> 
     </span>
     <span class='ocr_line' id='line_1_33' title="bbox 374 3665 1345 3736; baseline 0 -16"><span class='ocrx_word' id='word_1_252' title='bbox 374 3668 426 3721; x_wconf 91' lang='lat' dir='ltr'>sed</span> <span class='ocrx_word' id='word_1_253' title='bbox 445 3668 523 3720; x_wconf 93' lang='lat' dir='ltr'>domi</span> <span class='ocrx_word' id='word_1_254' title='bbox 542 3665 673 3722; x_wconf 89' lang='lat' dir='ltr'>sederet?</span> <span class='ocrx_word' id='word_1_255' title='bbox 692 3668 759 3722; x_wconf 90' lang='lat' dir='ltr'>talia</span> <span class='ocrx_word' id='word_1_256' title='bbox 777 3669 851 3734; x_wconf 87' lang='lat' dir='ltr'>apud</span> <span class='ocrx_word' id='word_1_257' title='bbox 871 3667 1006 3722; x_wconf 87' lang='lat' dir='ltr'>Ovidium</span> <span class='ocrx_word' id='word_1_258' title='bbox 1026 3681 1082 3721; x_wconf 90' lang='lat' dir='ltr'>non</span> <span class='ocrx_word' id='word_1_259' title='bbox 1102 3677 1171 3721; x_wconf 90' lang='lat' dir='ltr'>sunt</span> <span class='ocrx_word' id='word_1_260' title='bbox 1188 3669 1345 3736; x_wconf 85' lang='lat' dir='ltr'>unguenda.</span> 
     </span>
    </p>
   </div>
   <div class='ocr_carea' id='block_1_7' title="bbox 373 3767 1441 4172">
    <p class='ocr_par' dir='ltr' id='par_1_7' title="bbox 373 3767 1441 4172">
     <span class='ocr_line' id='line_1_34' title="bbox 408 3767 1438 3836; baseline 0.001 -15"><span class='ocrx_word' id='word_1_261' title='bbox 408 3776 508 3822; x_wconf 90' lang='lat' dir='ltr'>monet</span> <span class='ocrx_word' id='word_1_262' title='bbox 525 3768 619 3822; x_wconf 88' lang='lat' dir='ltr'>etiam</span> <span class='ocrx_word' id='word_1_263' title='bbox 639 3768 817 3836; x_wconf 86' lang='lat' dir='ltr'>Hoepltenus</span> <span class='ocrx_word' id='word_1_264' title='bbox 844 3770 951 3836; x_wconf 89' lang='lat' dir='ltr'>regiam</span> <span class='ocrx_word' id='word_1_265' title='bbox 974 3767 1051 3822; x_wconf 84' lang='lat' dir='ltr'>Solis</span> <span class='ocrx_word' id='word_1_266' title='bbox 1080 3782 1147 3822; x_wconf 89' lang='lat' dir='ltr'>esse</span> <span class='ocrx_word' id='word_1_267' title='bbox 1173 3769 1328 3836; x_wconf 91' lang='lat' dir='ltr'>imaginem</span> <span class='ocrx_word' id='word_1_268' title='bbox 1356 3771 1438 3822; x_wconf 91' lang='lat' dir='ltr'>solis</span> 
     </span>
     <span class='ocr_line' id='line_1_35' title="bbox 374 3850 1438 3921; baseline 0 -17"><span class='ocrx_word' id='word_1_269' title='bbox 374 3850 540 3906; x_wconf 88' lang='lat' dir='ltr'>occidentis.</span> <span class='ocrx_word' id='word_1_270' title='bbox 576 3853 652 3919; x_wconf 90' lang='lat' dir='ltr'>quod</span> <span class='ocrx_word' id='word_1_271' title='bbox 680 3861 710 3906; x_wconf 93' lang='lat' dir='ltr'>ut</span> <span class='ocrx_word' id='word_1_272' title='bbox 736 3859 801 3919; x_wconf 88' lang='lat' dir='ltr'>apte</span> <span class='ocrx_word' id='word_1_273' title='bbox 828 3854 1093 3921; x_wconf 90' lang='lat' dir='ltr'>convenienterque</span> <span class='ocrx_word' id='word_1_274' title='bbox 1120 3853 1314 3918; x_wconf 88' lang='lat' dir='ltr'>demonstret,</span> <span class='ocrx_word' id='word_1_275' title='bbox 1339 3853 1438 3906; x_wconf 91' lang='lat' dir='ltr'>sumit</span> 
     </span>
     <span class='ocr_line' id='line_1_36' title="bbox 373 3936 1440 4003; baseline -0.001 -14"><span class='ocrx_word' id='word_1_276' title='bbox 373 3944 513 3989; x_wconf 90' lang='lat' dir='ltr'>terrarum</span> <span class='ocrx_word' id='word_1_277' title='bbox 538 3936 637 3988; x_wconf 92' lang='lat' dir='ltr'>orbem</span> <span class='ocrx_word' id='word_1_278' title='bbox 663 3937 825 4003; x_wconf 83' lang='lat' dir='ltr'>significare</span> <span class='ocrx_word' id='word_1_279' title='bbox 852 3936 1008 4002; x_wconf 85' lang='lat' dir='ltr'>linientem,</span> <span class='ocrx_word' id='word_1_280' title='bbox 1034 3951 1099 3991; x_wconf 93' lang='lat' dir='ltr'>cum</span> <span class='ocrx_word' id='word_1_281' title='bbox 1128 3937 1206 3990; x_wconf 91' lang='lat' dir='ltr'>orbis</span> <span class='ocrx_word' id='word_1_282' title='bbox 1233 3944 1377 3990; x_wconf 88' lang='lat' dir='ltr'>terrarum</span> <span class='ocrx_word' id='word_1_283' title='bbox 1411 3945 1440 3990; x_wconf 90' lang='lat' dir='ltr'>et</span> 
     </span>
     <span class='ocr_line' id='line_1_37' title="bbox 374 4019 1441 4088; baseline 0.001 -16"><span class='ocrx_word' id='word_1_284' title='bbox 374 4020 444 4073; x_wconf 85' lang='lat' dir='ltr'>alias</span> <span class='ocrx_word' id='word_1_285' title='bbox 463 4019 538 4073; x_wconf 89' lang='lat' dir='ltr'>idem</span> <span class='ocrx_word' id='word_1_286' title='bbox 559 4020 596 4072; x_wconf 91' lang='lat' dir='ltr'>sit</span> <span class='ocrx_word' id='word_1_287' title='bbox 608 4019 685 4087; x_wconf 90' lang='lat' dir='ltr'>quod</span> <span class='ocrx_word' id='word_1_288' title='bbox 703 4029 778 4074; x_wconf 90' lang='lat' dir='ltr'>terra</span> <span class='ocrx_word' id='word_1_289' title='bbox 791 4029 818 4074; x_wconf 91' lang='lat' dir='ltr'>et</span> <span class='ocrx_word' id='word_1_290' title='bbox 832 4021 886 4075; x_wconf 90' lang='lat' dir='ltr'>boc</span> <span class='ocrx_word' id='word_1_291' title='bbox 899 4022 963 4074; x_wconf 92' lang='lat' dir='ltr'>loco</span> <span class='ocrx_word' id='word_1_292' title='bbox 976 4035 1083 4075; x_wconf 89' lang='lat' dir='ltr'>sensus</span> <span class='ocrx_word' id='word_1_293' title='bbox 1097 4021 1262 4075; x_wconf 88' lang='lat' dir='ltr'>communis</span> <span class='ocrx_word' id='word_1_294' title='bbox 1282 4031 1441 4088; x_wconf 89' lang='lat' dir='ltr'>poscatur;</span> 
     </span>
     <span class='ocr_line' id='line_1_38' title="bbox 373 4104 972 4172; baseline 0.003 -16"><span class='ocrx_word' id='word_1_295' title='bbox 373 4104 529 4172; x_wconf 91' lang='lat' dir='ltr'>opponitur</span> <span class='ocrx_word' id='word_1_296' title='bbox 548 4104 623 4157; x_wconf 91' lang='lat' dir='ltr'>enim</span> <span class='ocrx_word' id='word_1_297' title='bbox 643 4105 818 4172; x_wconf 89' lang='lat' dir='ltr'>aequoribus</span> <span class='ocrx_word' id='word_1_298' title='bbox 838 4115 865 4158; x_wconf 90' lang='lat' dir='ltr'>et</span> <span class='ocrx_word' id='word_1_299' title='bbox 883 4107 972 4159; x_wconf 89' lang='lat' dir='ltr'>caelo.</span> 
     </span>
    </p>
   </div>
   <div class='ocr_carea' id='block_1_8' title="bbox 0 0 1512 5168">
    <p class='ocr_par' dir='ltr' id='par_1_8' title="bbox 0 0 1512 5168">
     <span class='ocr_line' id='line_1_39' title="bbox 0 0 1512 5168; baseline 0 0"><span class='ocrx_word' id='word_1_300' title='bbox 0 0 1512 5168; x_wconf 95' lang='lat' dir='ltr'> </span> 
     </span>
    </p>
   </div>
  </div>
 </body>
</html>
