3000 5168
514 511 636 618 (inl

60 688 257 770 inspexerit.
302 685 359 753 ubi
383 704 463 753 curn
487 686 702 770 repperisset
724 683 798 754 lere
831 703 919 769 quae
943 686 1043 754 etiam
1071 686 1105 752 in

59 794 262 863 bibliotheca
285 792 494 880 Apollodori
513 793 591 878 (89)
615 808 649 863 et
671 793 857 879 hypothesi
880 793 1105 880 Pythicorum

58 905 225 989 leguntur,
257 903 337 972 hinc
371 902 519 972 lortasse
542 903 737 988 Pythonem
772 917 805 972 et
827 903 999 988 Daphnen
1023 901 1107 972 deli-

57 1013 155 1081 bavit.
191 1050 193 1054 ·
380 1098 382 1106 .

97 1125 330 1191 coniecturam
355 1121 442 1190 hanc
466 1141 546 1191 esse
570 1122 716 1190 candide
749 1121 868 1190 fateor.
913 1140 1027 1206 neque
1059 1135 1107 1189 ta·

57 1251 133 1300 men
168 1235 403 1300 coniecturam
438 1230 565 1300 fecisse
599 1250 655 1300 me
686 1231 802 1316 pudet.
847 1233 1044 1315 nonenim,
1076 1233 1105 1302 si

57 1342 137 1424 quid
171 1360 308 1426 quaque
341 1341 385 1410 de
420 1360 457 1409 re
491 1343 575 1411 cerri
608 1341 798 1410 habeamus
827 1359 929 1427 quam
958 1343 1106 1408 maxime

56 1453 146 1519 scire
170 1454 342 1536 cupimus,
376 1452 549 1520 eiusmodi
582 1455 806 1536 quaestiones
840 1453 1044 1519 minutiores
1067 1469 1106 1517 ac

55 1559 336 1630 subdifficiliores
371 1575 511 1630 cunctas
541 1575 639 1630 caute
674 1559 827 1646 effugere
860 1561 949 1629 licet.
992 1577 1106 1643 neque

55 1671 193 1755 indigna
216 1670 293 1738 talia
308 1670 421 1740 habeo
437 1690 526 1755 quae
542 1685 750 1754 scrutemur,
772 1671 944 1755 siquidem
962 1683 998 1736 ut
1014 1681 1106 1736 recte

55 1774 260 1844 definiamus
298 1796 386 1862 quae
417 1777 551 1846 fabulae
588 1780 680 1863 apud
717 1777 990 1864 mythographos
1025 1795 1107 1845 con·

55 1886 190 1952 iunctae
213 1883 351 1969 luerint,
373 1888 492 1970 utique
515 1888 666 1971 primum
691 1888 846 1954 omnium
882 1903 971 1970 quos
994 1902 1106 1952 nexus

54 1993 128 2076 ipse
168 2005 272 2077 poeta
310 1995 481 2062 invenerit
518 1995 635 2062 critica
672 2007 745 2061 arte
785 2011 1010 2062 secernamus
1048 2011 1107 2077 ne-

54 2119 155 2168 cesse
180 2114 244 2169 est.

256 2727 317 2797 DE
350 2727 532 2800 Fnssvbn
565 2721 901 2799 PHAETHONTIS

91 2929 321 2999 Phaethontis
337 2930 483 3016 fabulae,
498 2946 534 3000 ut
550 2945 709 3001 narratur
723 2933 816 3016 apud
829 2925 998 3000 Ovidium
1016 2930 1106 3015 (90),

49 3058 181 3124 poema
204 3039 351 3110 subesse
368 3044 487 3110 aetatis
502 3040 759 3110 Alexandrinae
782 3055 815 3110 et
830 3040 894 3109 hac
910 3055 944 3108 et
958 3041 1105 3110 aliorum

48 3149 292 3222 subsidiorum
328 3167 396 3234 ope
431 3151 749 3219 reconcinnandum
784 3152 917 3235 primus
945 3150 1107 3218 iudicavit

47 3257 339 3326 Wilamowitzius
364 3257 453 3343 (91).
501 3278 605 3344 quem
635 3278 758 3328 verum
792 3259 924 3326 vidisse
957 3260 1105 3327 triennio

48 3381 131 3451 post
157 3368 293 3435 idoneis
318 3367 508 3436 rationibus
532 3369 783 3436 demonstravit
806 3367 1002 3450 Knaackius
1026 3365 1104 3451 (92)

59 3549 97 3553 --
110 3547 213 3553 -.-..-..
653 3546 1106 3554 ——0-——ffi-—u-ffl—

81 3643 144 3710 (so)
165 3609 185 3696 ιζ
201 3643 246 3697 22.

80 3733 144 3802 (90)
163 3732 281 3788 Metam.
298 3734 316 3786 l.
335 3733 471 3788 747-11.
488 3733 552 3788 400.

81 3825 492 3895 (ar)1rerm.1aaa.p.soo.
598 3871 601 3875 Δ

81 3917 144 3984 (92)
163 3917 359 3984 Quaestiones
372 3919 593 3974 Phaethonteae.
611 3920 825 3988 Philologiscbe
836 3918 1107 3987 Untersucbungen.

46 4000 122 4055 VllI.
160 4001 259 4055 Berlin
290 4002 366 4058 isso.
403 4001 440 4058 cl.
459 4003 558 4057 Herm.
588 4003 657 4057 1887
684 4014 710 4071 p.
728 4003 782 4058 637
796 4017 862 4071 sqq.
895 4002 1025 4057 Knaack:
1055 4017 1107 4056 zur

46 4085 282 4154 Phaethousage.
1146 4101 1148 4106 ’
