3000 5168
530 481 649 590 (23)

5 685 16 730 2:
54 659 146 740 quis
170 670 284 723 autem
309 653 371 722 fuit
393 657 452 738 qui
476 655 677 723 huiusmodi
702 673 814 722 nexus
849 668 969 724 auctor
1003 656 1123 735 extitit,

1 794 16 857 u
53 763 226 849 profecto
251 766 352 831 etiam
387 762 477 831 filios
500 763 635 832 sceiere
658 767 809 831 onerarit
843 783 913 848 quo
937 765 1122 846 nequitiam

1 903 15 950 a
54 872 176 941 fuiSse
201 875 402 940 universam
426 873 636 941 ostenderet.

1 996 7 1060 )
106 996 200 1049 extat
223 995 336 1049 tamen
360 983 453 1066 apud
476 980 682 1049 Pausaniam
707 980 785 1064 (35)
821 983 960 1050 diversa
987 981 1122 1048 fabulae
1240 1033 1245 1043 .

6 1103 14 1169 t
54 1089 184 1174 figura,
208 1089 612 1173 quam'Weissaeckerus
629 1088 707 1173 (36)
732 1104 926 1160 ceterarum
943 1103 1121 1175 parentem

7 1235 13 1293 i
55 1219 147 1266 esse
171 1201 353 1267 existimat.
397 1219 486 1284 quae
520 1202 549 1267 si
573 1199 702 1266 nullius
726 1201 791 1266 nisi
815 1198 1005 1267 Pausaniae
1029 1201 1123 1267 testi-

55 1311 184 1375 monio
209 1311 386 1391 niteretur,
409 1301 503 1375 omni
520 1309 720 1375 auctoritate
743 1321 886 1375 careret.
929 1326 1064 1390 verum,
1087 1307 1121 1373 id

0 1461 5 1486 t
58 1418 162 1499 quod
186 1417 309 1501 procul
333 1417 440 1483 dubio
457 1415 744 1484 Weissaeckerus
768 1419 941 1500 cognitum
965 1415 1121 1500 habebat,

1 1563 12 1612 t
55 1526 249 1592 exordium
272 1525 463 1593 Pausaniae
486 1525 563 1592 iibri
585 1523 661 1592 VIII
686 1528 835 1592 manavit
868 1545 887 1592 e
920 1524 1015 1592 fonte
1038 1527 1119 1592 satis

55 1637 204 1718 antiquo
228 1649 261 1702 et
284 1636 425 1702 minime
441 1635 654 1718 spernendo.
698 1653 766 1717 qua
789 1635 832 1701 de
856 1653 894 1701 re
918 1653 997 1700 cum
1015 1652 1118 1701 nemo

1 1812 12 1823 χ,
56 1744 158 1826 quod
195 1746 301 1810 sciam
339 1745 532 1810 accuratius
570 1745 687 1826 egerit,
732 1745 807 1826 ipse
852 1756 1017 1827 quantum
1056 1761 1118 1809 ne-

59 1854 256 1918 cessarium
280 1871 360 1920 esse
383 1850 559 1918 videbitur
581 1853 758 1935 disputare
782 1850 936 1918 conabor
959 1849 1050 1935 (37).

0 1985 8 2036 ,·
105 1958 295 2028 Pausaniae
318 1960 406 2028 liber
427 1959 502 2027 VIII
526 1961 645 2044 inprit
668 1963 765 2045 quasi
789 1963 941 2046 scrIptor
963 1980 981 2027 a
1004 1957 1118 2042 Tegea

3 2099 10 2138 t
60 2081 97 2134 et
118 2067 291 2136 Mantinea
315 2071 427 2136 statim
450 2071 647 2154 periegesin
671 2070 840 2136 ordiatur:

99 2173 259 2263 Ἀρκάδων
280 2178 316 2243 dd
337 2176 379 2241 τὰ
400 2175 484 2262 πρὸς
504 2175 559 2262 τῆς
576 2176 720 2260 Ἀργείας
742 2181 900 2257 Τεγεᾶται
925 2177 1034 2260 ἔχουσι
1063 2180 1117 2242 καὶ

60 2292 245 2363 Μαντινεῖς
267 2285 357 2369 (38).

1 2455 8 2484 ,
103 2395 232 2462 deinde
265 2398 319 2462 via
353 2414 456 2480 quam
491 2395 596 2463 modo
630 2398 768 2464 munire
801 2409 965 2480 coeperat
999 2395 1115 2462 relicta

57 2518 204 2587 repente
238 2505 435 2588 aggreditur
463 2505 506 2571 ad
537 2504 721 2572 exordIum
755 2505 850 2589 quod
883 2504 1048 2571 dividitur
1081 2507 1114 2571 in

1 2643 5 2706 3
57 2625 174 2694 partes
219 2626 304 2695 tres,
345 2631 492 2697 quarum
538 2615 649 2697 prima
683 2611 761 2696 (39)
801 2611 1008 2680 brevissime
1050 2616 1116 2697 agit

60 2720 106 2786 de
141 2721 208 2786 situ
232 2719 413 2804 Arcadiae,
449 2720 554 2788 altera
579 2719 657 2804 (40)
682 2723 861 2806 copiosior
887 2735 1046 2789 versatur
1081 2724 1115 2788 in

60 2828 203 2895 historia
238 2827 382 2896 fabulari
405 2828 572 2896 Arcadica
603 2847 794 2914 regumque
817 2832 1016 2914 priscorum
1039 2833 1116 2898 stir-

60 2981 112 2988 --—-

1 3133 3 3146 ’
93 3144 148 3211 (36)
167 3146 221 3199 Iex.
248 3145 366 3214 mythol.
393 3145 532 3200 Roscher.
563 3163 586 3201 s.
610 3163 636 3201 v.
659 3147 792 3216 Lykaon:
828 3148 875 3202 die
902 3147 1116 3216 VergIeiehung

1 3221 3 3252 I
58 3229 154 3282 dieser
171 3229 324 3298 Vendung
350 3229 401 3296 (sc.
420 3230 708 3299 mythographorum)
737 3231 789 3284 mit
815 3231 868 3285 der
893 3232 939 3284 bei
958 3231 1115 3286 Pausanias

60 3314 134 3366 kann
161 3314 246 3367 Iaum
274 3315 360 3366 einen
385 3312 505 3368 Zweiiel
533 3315 615 3382 dbrig
642 3315 749 3382 Iassen,
775 3317 844 3369 dass
870 3316 968 3369 dieser
993 3315 1045 3368 der
1070 3330 1115 3368 ur·

61 3395 267 3464 springiichen
298 3395 414 3450 Gestalt
449 3398 540 3451 niher
573 3399 684 3452 kommt
716 3399 774 3451 und
804 3398 872 3452 dass
900 3398 969 3464 jene
996 3397 1114 3452 Weiter·

58 3475 214 3548 hildungen
232 3481 291 3534 und
309 3479 579 3549 Ueberrreibungen
598 3481 703 3536 bieten.

92 3562 148 3629 (37)
167 3565 223 3617 iam
238 3563 628 3632 Kaikmannus'(Pausanias
646 3566 698 3619 der
716 3565 846 3633 Perieget
864 3579 890 3632 p.
902 3565 968 3632 266)
987 3567 1112 3619 animad-

58 3649 139 3700 vertit
164 3649 270 3715 stirpes
298 3650 421 3702 heroum
446 3649 543 3703 exordi
563 3650 580 3704 l.
595 3648 655 3702 VIII
673 3649 829 3703 dissentIre
846 3663 862 3700 a
881 3649 1020 3716 stirpibus
1038 3665 1112 3717 quae

59 3733 86 3784 in
105 3733 213 3800 reliqua
231 3739 311 3799 parte
329 3733 394 3786 Iibri
413 3741 576 3787 occurrunt.

59 3813 242 3950 lafflnhg.
261 3815 428 3885 Heberdey:
456 3818 503 3871 die
521 3817 628 3871 Reisen
651 3817 703 3870 des
722 3815 880 3869 Pausanias
905 3816 934 3869 in
954 3803 1111 3870 Griechen·

92 3965 147 4032 (aa)
166 3964 233 4019 vm.
256 3968 277 4020 r.
299 3969 373 4021 r-a

92 4047 146 4116 (40)
165 4047 234 4102 vm.
255 4050 278 4102 r.
295 4051 373 4103 4—5.
396 4051 436 4104 13.
