3000 5168
18 3817 22 3882 I

536 519 656 626 (⁵⁷)

77 712 170 760 versa
203 691 342 760 fabulae
375 691 481 776 figura
512 694 639 776 regiain
662 691 844 775 aulamque
867 689 959 758 Solis
982 694 1124 758 otnnino

79 821 141 870 non
163 803 372 887 depinxerit.
415 802 548 886 reliqua
574 804 689 868 otnnia
712 799 881 869 Ovidium
905 802 1022 868 missIs
1044 799 1126 868 sub·

78 912 167 978 sidiis
191 911 488 996 mythographicis
511 925 701 979 mutuatum
717 929 798 979 esse
814 909 972 978 concedo
988 930 1007 978 a
1023 925 1125 996 poeta

78 1022 220 1105 quodam
244 1019 483 1088 Alexandrino
506 1040 526 1088 e
549 1019 868 1104 praestantioribus.

105 1339 144 1377 vs.
162 1323 199 1376 64
212 1337 277 1391 sqq.
304 1321 355 1376 Sol
372 1322 551 1377 Phaethonta
568 1321 720 1390 dIIIgenter
737 1323 790 1376 iter
808 1323 903 1376 docet:

219 1439 649 1510 arduupra'mum'aest...

403 1522 505 1578 media
521 1526 568 1578 eat
586 1522 742 1578 diissima
761 1523 841 1577 coelo
860 1565 865 1576 .
885 1565 916 1576 ..

218 1606 655 1678 ultintapronaoiaest...

105 1753 182 1812 putat
195 1745 378 1812 Hoephenus
397 1744 435 1812 (p.
446 1745 465 1797 4
477 1753 506 1798 et
520 1744 565 1812 14)
583 1744 680 1797 medio
693 1742 773 1796 caelo
785 1743 931 1810 designari
944 1742 971 1796 Id
985 1751 1123 1809 punctum

76 1831 138 1882 caeli
157 1829 237 1898 quod
256 1843 356 1882 revera
374 1828 502 1883 medium
524 1841 593 1882 esse
616 1828 718 1881 harum
742 1840 840 1880 rerum
860 1826 971 1880 Iudices
989 1826 1126 1880 evIncunt

76 1915 205 1982 quodque
232 1913 319 1968 hodie
345 1913 441 1966 zenith
460 1911 592 1966 dicimus
627 1911 673 1964 soi
691 1918 787 1965 autern
806 1912 835 1964 in
854 1911 910 1964 hoc
928 1919 1034 1978 puncto
1054 1911 1125 1966 caeli

75 1998 202 2052 consistit
231 1997 352 2052 meridie
381 2013 405 2050 a
430 1997 456 2049 d.
474 1995 510 2048 XI
536 1995 599 2050 Kal.
617 1995 666 2049 IuI.
693 1995 819 2064 henigne
848 1995 965 2064 quidem
994 1995 1128 2050 concedit

75 2081 257 2149 Hoephenus,
284 2096 322 2135 ne
343 2081 430 2136 nimis
448 2088 580 2135 accurate
598 2095 631 2134 tc
648 2081 747 2134 stricte
764 2081 841 2134 diem
860 2079 1042 2146 definiamus,
1068 2092 1126 2147 quo

75 2165 218 2220 Phaethon
229 2181 346 2220 currum
359 2175 509 2233 paternum
520 2165 731 2232 conscenderit,
744 2165 829 2218 etiam
839 2164 876 2218 de
888 2164 991 2217 diebus
1003 2161 1124 2231 proximi

75 2251 190 2317 mensis,
208 2251 315 2318 quihus
333 2251 378 2304 sol
396 2264 413 2303 a
431 2249 527 2303 medio
545 2250 626 2302 caelo
644 2249 766 2303 meridie
789 2249 865 2302 haud
892 2248 1014 2302 multum
1042 2247 1125 2314 absit,

76 2335 185 2402 cogitari
203 2349 301 2402 posse.
328 2343 428 2388 contra
445 2334 515 2388 tutin
528 2335 591 2400 ipsa
603 2333 728 2388 declarat
739 2331 876 2387 Ovidium
889 2332 1014 2386 mediam
1027 2331 1124 2386 dicere

77 2431 132 2472 eam
150 2419 225 2472 caeIi
243 2427 364 2486 partem,
380 2433 455 2486 quae
472 2419 508 2472 ab
527 2425 591 2472 ortu
609 2426 638 2472 et
655 2431 762 2472 occasu
780 2431 873 2486 aeque
891 2416 986 2471 distet

104 2504 245 2557 hactenus
272 2503 308 2556 de
334 2502 577 2570 interpretatione.
611 2503 727 2571 marius
745 2501 817 2556 iilud
835 2501 931 2556 estad
952 2502 1029 2570 quod
1049 2515 1126 2554 nunc

76 2588 181 2642 accedo.
215 2587 322 2641 evolvit
339 2587 517 2654 Hoephenns
537 2585 665 2640 Knaachi
688 2586 887 2667 Quaestiones
906 2585 1128 2650 Phaethonteas,

76 2686 139 2738 quas
158 2671 329 2746 laudavittp.
341 2670 367 2724 7.
386 2670 450 2725 n.7.
470 2670 588 2738 evolvit,
609 2671 742 2738 inquam,
764 2669 893 2724 sednon
913 2669 1048 2736 perlegit3
1069 2669 1126 2722 nisi

76 2770 136 2810 vero
162 2755 248 2810 tacite
275 2755 428 2810 damnavit.
463 2769 521 2824 quo
549 2753 656 2809 Iactum
676 2761 721 2808 est
739 2761 769 2808 ut
787 2754 897 2808 reicere
915 2767 974 2807 non
992 2751 1125 2806 reIormI·

76 2838 139 2893 darit
163 2853 271 2894 versus
297 2839 476 2906 complures,
502 2853 577 2907 quos
603 2839 633 2892 in
660 2845 793 2906 poemate
812 2836 1006 2891 Alexandrino
1032 2835 1125 2890 iuisse

76 2922 244 2977 documento
263 2931 333 2977 sunt
350 2937 453 2976 versus
467 2922 569 2976 Nonni
588 2921 769 2976 consimiles:

219 3039 336 3094 Metam.
355 3040 379 3093 II
400 3040 451 3094 129
475 3039 513 3093 cI.
533 3040 628 3094 Nonn.
647 3037 790 3092 XXXVIII.
806 3038 861 3091 257
874 3052 938 3106 sqq.

400 3123 451 3178 130
802 3122 859 3176 225

398 3208 445 3260 171
461 3223 505 3276 sq.
801 3205 857 3259 408
869 3220 932 3274 sqq.

395 3291 449 3345 296
799 3290 855 3344 332
868 3304 912 3357 sq.

397 3375 452 3429 299
803 3373 857 3427 344

106 3517 199 3571 neque
217 3503 303 3570 igitur
320 3503 393 3556 adeo
416 3503 519 3555 mirum
548 3510 600 3567 est,
628 3502 652 3554 si
672 3500 831 3555 etiamalio
851 3500 914 3554 Ioco
934 3498 1030 3553 Nonni
1050 3499 1129 3552 testi-

79 3588 200 3640 monium
227 3587 336 3653 sprevit
358 3587 396 3654 (p.
408 3587 433 3640 7.
453 3601 479 3639 n.
491 3585 534 3652 7),
561 3587 636 3653 apud
660 3599 746 3653 quern
769 3583 915 3638 XXXVIII.
933 3583 989 3638 342
1007 3578 1128 3654 ιοξιυτῆρ

78 3673 227 3738 respondet
245 3669 395 3724 ovidianis
414 3671 529 3724 arthus
547 3669 717 3724 Haemoniis
741 3668 781 3736 (II.
799 3666 855 3734 81).
891 3667 959 3736 quid
985 3667 1061 3735 quod
1080 3666 1126 3720 his

78 3755 222 3888 {igniflcari
237 3755 478 3892 huguitenentem
493 3755 547 3808 sihi
561 3755 714 3822 persuasit,
732 3753 809 3820 quud
823 3753 908 3806 orbes
922 3753 1024 3818 anguIs
1036 3764 1127 3803 arctas

94 3853 322 3990 lcelrrpa‘tsdlelnique
340 3922 519 3990 Hoephenus
538 3923 592 3976 hac
614 3935 731 3989 quoque
753 3921 782 3974 in
806 3935 854 3986 re,
879 3920 955 3988 quod
982 3919 1010 3972 in
1039 3930 1128 3985 opere

18 4007 23 4068 i
80 4009 128 4058 tant
154 4007 233 4059 vario
259 4014 376 4074 tamque
402 4015 484 4060 vasto
508 4013 610 4074 poetae
629 4006 738 4059 nnllam
757 4006 877 4058 otnnino
896 4001 1126 4069 discrepantiam,

19 4072 22 4102 '
81 4089 183 4142 nullum
210 4090 463 4144 anachronismum
488 4105 575 4158 quent
595 4090 681 4144 hodie
699 4089 823 4142 dicimus
842 4088 901 4141 dati
920 4099 1009 4154 posse
1028 4084 1127 4140 credit.
