3000 5168
541 503 660 611 (1³)
766 403 767 406 ¹

0 703 13 748 t
67 676 225 745 incendit
248 681 433 762 ipsumque
449 692 585 745 mutans
610 681 643 744 in
667 677 787 762 lupum
810 678 930 744 docuit
947 677 1123 761 hospitum

67 789 146 853 iura
170 804 239 852 non
263 786 479 870 polluenda.“

113 899 244 964 mentio
267 895 433 965 Callistus
457 897 515 964 illo
539 912 697 982 tempore
725 896 871 964 violatae
895 896 1059 963 abhorret
1081 894 1122 960 ab

68 1003 216 1089 Ovidio,
253 1020 366 1074 cetera
404 1009 491 1074 mire
534 1021 738 1090 congruunt.
797 1006 861 1074 sed
898 1005 1123 1072 nihilominus

67 1129 194 1182 testem
218 1118 359 1184 minime
385 1133 525 1200 gravem
549 1135 803 1199 recusaremus,
826 1117 891 1182 nisi
919 1114 985 1181 loci
1008 1126 1125 1181 aucto-

69 1227 204 1292 ritatem
264 1223 401 1293 firmare
457 1226 637 1293 videretur
701 1225 859 1292 scholion
918 1223 1018 1292 Servi
1080 1224 1123 1289 ad

1 1339 6 1346 ’
69 1332 228 1400 Aeneida
252 1332 330 1417 (20)
355 1335 450 1418 quod
485 1338 599 1419 ipsum
634 1335 775 1418 quidem
799 1335 1018 1418 quantumvis
1043 1349 1125 1398 con·

68 1457 215 1509 tractum
250 1457 362 1510 tamen
396 1443 452 1510 vel
486 1446 520 1509 in
553 1443 697 1534 singulis
731 1443 848 1510 verbis
883 1461 961 1508 cum
985 1439 1125 1523 Mytho·

68 1551 203 1636 grapho
226 1550 391 1619 Vaticano
416 1551 442 1617 ΙΙ
460 1555 681 1619 consentiens
705 1553 919 1618 demonstrat
941 1550 1021 1616 huic
1044 1548 1125 1614 sub·

4 1705 7 1717 .
71 1680 154 1728 esse
177 1661 336 1727 scholion
360 1662 402 1727 ad
425 1660 630 1744 Vergilium:

1 1817 2 1824 κ
115 1819 131 1847 ,‚
157 1821 163 1833 .
188 1819 195 1834 .
219 1818 257 1834 ..
286 1768 468 1852 Lycaonis,
511 1772 569 1853 qui
615 1789 693 1835 cum
738 1769 894 1853 hospites
939 1782 1123 1852 susceptos

70 1878 224 1961 hospitio
242 1891 390 1961 necaret,
412 1892 610 1962 asuscepto
632 1877 724 1960 Iove,
748 1891 930 1962 postquam
948 1859 979 1944 ei
1003 1878 1123 1962 epulas

0 2031 3 2050 ,
72 1986 240 2054 humanas
263 1987 433 2070 adposuit,
460 2006 585 2053 versus
609 1989 643 2054 in
667 1987 786 2070 lupum
811 1988 960 2054 ostendit
984 1986 1123 2070 hospitii
1202 2007 1208 2018 ·

72 2098 146 2162 iura
170 2113 239 2162 non
263 2115 342 2162 esse
365 2096 554 2163 violanda.“
697 2167 700 2174 .

113 2218 215 2288 atque
231 2223 275 2271 ex
291 2205 416 2272 eodem
433 2205 567 2272 scholio
584 2206 626 2271 ad
638 2204 828 2289 Vergilium
845 2204 943 2271 fluxit
965 2205 1123 2272 scholion

71 2314 114 2379 ad
137 2306 290 2380 Statium
306 2313 400 2398 (21):

1 2491 2 2498 χ
117 2421 276 2505 „Lycaon
316 2443 378 2490 rex
416 2423 585 2492 Arcadiae
631 2423 748 2493 Iovem
794 2427 931 2508 excepit
971 2423 1122 2507 hospitio

72 2550 221 2615 cumque
236 2531 341 2598 vellet
364 2533 548 2616 explorare
565 2552 607 2600 an
623 2553 707 2600 vere
724 2531 878 2618 Iuppiter
894 2547 997 2614 esset,
1020 2550 1123 2616 quem

72 2640 177 2705 domo
193 2655 406 2724 susceperat,
429 2641 596 2708 humanas
620 2645 651 2709 ei
668 2660 790 2709 carnes
806 2643 976 2725 apposuit.
1015 2637 1124 2724 Quod

73 2767 150 2815 cum
195 2747 350 2833 Iuppiter
393 2752 607 2834 agnovisset,
657 2752 799 2816 domum
849 2751 924 2816 eius
972 2749 1125 2816 incendit

73 2860 257 2942 ipsumque
303 2861 444 2925 mutavit
488 2862 522 2925 in
567 2859 686 2944 lupum
731 2862 790 2943 qui
834 2876 957 2942 graece
1001 2858 1126 2923 dicitur

73 2963 193 3042 λύκος.“
585 2969 591 2977 ’

115 3077 284 3143 iniuriane
307 3077 409 3159 igitur
431 3076 513 3142 olim
531 3075 705 3160 Hauptius
720 3073 797 3158 (22)
815 3076 989 3142 adnotavit
1011 3073 1124 3140 solum

75 3182 242 3251 Ovidium
267 3205 407 3252 narrare
431 3184 628 3268 Lycaonem
654 3184 771 3252 Iovem
796 3204 920 3252 necare
943 3183 1125 3251 voluisse?

75 3294 165 3360 idem
191 3309 272 3377 erat,
305 3309 341 3360 ut
363 3296 474 3377 vides,
508 3297 542 3361 in
576 3295 710 3362 scholio
744 3296 786 3361 ad
810 3294 1000 3378 Vergilium
1031 3295 1125 3378 quod

75 3406 218 3486 insuper
266 3403 357 3471 clarc
401 3403 536 3471 dicebat
580 3402 777 3488 Lycaonem
822 3404 961 3470 solitum
1016 3401 1125 3468 luisse

76 3513 230 3595 hospites
254 3532 389 3580 necare.
434 3532 476 3579 an
509 3519 596 3579 vero
624 3527 773 3597 praestat
797 3512 926 3596 Haupti
960 3511 1124 3578 iudicium

75 3623 161 3686 tueri
199 3611 381 3688 statuendo
418 3621 577 3688 scholion
614 3623 656 3689 ad
692 3621 1044 3705 Vergiliumreccns
1082 3639 1126 3686 ex

110 3895 166 3960 (20)
185 3894 203 3947 1.
221 3896 281 3948 731.

109 3977 165 4046 (21)
182 3977 225 4032 XL
247 3979 305 4032 128.

109 4061 166 4129 (22)
185 4062 220 4116 ad
239 4061 356 4114 Metam.
374 4061 391 4114 1.
411 4061 473 4114 224.
