3000 5168
823 473 941 587 (88)

362 649 465 735 (204)
490 650 672 722 Ennomon
705 664 876 734 tamquam
910 649 986 718 iaris
1010 648 1199 720 immitibus
1221 666 1334 720 actum
1358 655 1409 720 in-

361 761 441 827 duci
464 761 559 844 quod
582 758 813 827 confundatur
847 779 925 827 cum
949 759 1056 828 altero
1080 759 1238 828 Eunomo
1266 764 1323 845 qui
1347 760 1410 829 luit

362 866 537 953 οῑωνιστὴς,

360 1085 394 1154 ΙΙ.
410 1094 441 1152 Β
456 1092 527 1154 859
561 1083 631 1152 ἀλλ’
648 1083 704 1154 οὐκ
725 1091 888 1154 ornanum
909 1085 1043 1174 ἐρύσατο
1057 1086 1136 1175 κῆρα
1155 1089 1323 1172 μέλαιναν.

402 1320 480 1373 nota
504 1320 617 1374 autem
641 1318 777 1389 poetam
802 1319 873 1373 tum
897 1304 1057 1373 facillime
1090 1305 1302 1390 homonyma
1326 1326 1409 1375 con-

360 1415 506 1483 iundere
529 1417 696 1499 potuisse,
720 1432 798 1480 cum
823 1413 1105 1498 excerptionibus
1128 1427 1293 1483 uteretur.

401 1559 489 1625 quae
512 1554 625 1609 autem
642 1538 802 1607 Arachne
819 1543 852 1606 in
876 1540 945 1608 telo
969 1541 1124 1624 designat
1147 1541 1294 1609 deorum
1320 1541 1407 1610 lurra

361 1648 463 1732 (205)
487 1648 635 1718 similem
659 1651 827 1733 originem
844 1649 999 1716 clamant.
1031 1651 1098 1732 egit
1114 1649 1158 1716 dc
1174 1648 1266 1716 Iovis
1282 1655 1409 1718 amori·

359 1759 424 1825 bus
461 1758 642 1826 Michaelis
666 1756 780 1840 (206),
817 1761 875 1841 qui
913 1776 991 1824 cnm
1030 1759 1063 1823 ln
1096 1771 1194 1824 veste
1227 1757 1407 1826 Arachnes

360 1870 470 1952 pictae
505 1865 613 1935 luisse
637 1867 793 1934 dieantur
816 1866 966 1952 paelices
990 1865 1081 1934 lovis
1109 1866 1230 1935 haece:
1268 1865 1408 1952 Europa

359 1976 496 2044 Asterie
522 1973 615 2042 Leda
638 1975 788 2060 Antiope
812 1975 978 2042 Alcmene
1002 1974 1121 2043 Danae
1144 1974 1275 2060 Aegina
1308 1975 1408 2044 Mne·

360 2103 506 2169 mosyne
529 2084 750 2168 Proserpina,
773 2084 895 2150 harum
919 2083 1045 2151 nullam
1074 2087 1139 2150 nisi
1163 2083 1324 2152 Asterien
1349 2087 1409 2152 de-

360 2212 438 2262 esse
452 2193 692 2261 animadvertit
709 2195 742 2260 in
756 2193 927 2261 indicibus
944 2193 1139 2275 mulierum,
1152 2211 1237 2278 quas
1254 2192 1408 2278 Iuppiter

359 2300 621 2374 transformatus
653 2303 788 2384 vitiarit‚
825 2305 883 2386 qui
917 2315 1032 2370 extant
1060 2303 1152 2386 apud
1185 2299 1407 2372 Clementem

359 2409 551 2479 Romanum
577 2409 691 2494 (207).
736 2410 793 2478 ubi
827 2411 967 2494 quidem
992 2409 1148 2478 Asteries
1171 2428 1299 2479 nomen
1326 2432 1406 2480 casu

359 2521 532 2588 excidisse
555 2521 648 2588 idem
672 2519 896 2606 probabiliter
919 2523 1066 2589 coniecit
1090 2518 1206 2604 (208).

400 2648 434 2714 in
457 2645 611 2731 Neptuni
644 2646 821 2714 amoribus
846 2646 1029 2714 ridiculum
1064 2649 1097 2713 in
1122 2647 1264 2715 modum
1287 2647 1407 2731 lapsus

359 2768 411 2822 est
426 2750 590 2838 OvidiuS,
613 2757 711 2822 cuius
735 2774 892 2824 errorem
916 2754 1060 2839 quilibet
1076 2754 1244 2823 concedat
1259 2773 1407 2823 necesse

359 2876 411 2932 est
433 2879 497 2946 per
519 2879 621 2931 usum
645 2863 766 2932 harum
791 2882 876 2948 quas
900 2865 978 2931 dico
995 2866 1259 2948 excerptionum
1276 2867 1408 2948 optime

359 2971 540 3056 explicari:

357 3188 472 3246 Metam.
490 3189 535 3243 Vl.
557 3189 609 3244 116

857 3299 887 3344 tu
905 3290 986 3344 visus
1005 3289 1132 3359 Enipeus

568 3390 661 3458 gignis
680 3389 806 3445 Aloidas.

390 3672 466 3741 (204)
487 3674 515 3728 in
533 3674 740 3728 commentario
759 3675 892 3729 editionis
911 3690 989 3730 suae.

390 3765 466 3834 (205)
484 3764 600 3821 Metam.
617 3764 663 3820 Vl.
684 3765 830 3821 toa-126.

390 3857 465 3928 (206)
484 3858 502 3912 l.
520 3859 537 3913 l.
555 3869 582 3926 p.
599 3858 636 3914 50
648 3873 691 3928 sq.

390 3949 466 4026 (207)
485 3953 562 4005 hom.
579 3949 613 4004 V.
635 3952 677 4019 13,
694 3967 808 4020 recogn.
826 3953 857 4006 X.
874 3953 919 4006 22.

390 4042 465 4112 (ωε)
485 4043 501 4096 Ι.
521 4043 539 4096 1.
557 4057 583 4111 p.
600 4044 645 4097 40.
