3000 5168
516 504 635 613 (lo)

93 691 277 761 postquam
302 676 433 743 diluvio
457 677 614 744 animalia
640 679 757 744 omnia
781 679 968 761 perierunt,
1002 677 1103 744 tellus

169 895 189 948 l.
206 895 262 948 436
280 894 368 948 edidit
385 895 553 948 innumeras
571 895 685 962 species
704 894 865 962 partimque
882 894 987 962 figuras

277 978 384 1031 rettulit
402 977 534 1046 antiquas
553 979 655 1045 partim
675 992 748 1030 nova
767 985 896 1031 monstra
914 981 1032 1032 creavit:

278 1062 325 1114 illa
344 1062 459 1128 quidem
479 1063 576 1128 nollet,
598 1062 650 1114 sed
670 1070 697 1114 te
715 1076 832 1128 quoque
851 1063 974 1115 maxime
992 1061 1103 1130 Python

277 1155 335 1198 tum
356 1147 462 1212 genuit.

90 1348 252 1432 Pythone
277 1349 351 1416 telis
376 1347 542 1416 confosso
566 1348 693 1433 Apollo
717 1348 861 1432 Pythios
885 1348 986 1415 ludos
1009 1351 1104 1416 insti·

49 1460 125 1541 tuit3
150 1460 303 1526 victores
319 1474 432 1526 autem
449 1458 609 1526 aesculea
625 1477 755 1525 corona
771 1457 1001 1540 donabantur3
1025 1477 1102 1525 nam

48 1569 167 1634 laurus
192 1569 347 1635 nondum
382 1581 463 1634 erat.
508 1569 557 1634 sic
592 1567 714 1634 callide
748 1569 867 1634 transit
889 1568 931 1634 ad
954 1565 1101 1634 fabulam

48 1676 229 1760 Daphnes.
275 1675 494 1744 manifestum
519 1689 631 1744 autem
657 1689 718 1758 est,
744 1695 822 1743 cum
848 1689 1033 1760 utrumque
1057 1675 1104 1742 la-

48 1787 147 1852 cinus
184 1785 288 1869 vulgo
322 1784 476 1869 Apollini
510 1787 627 1852 iuveni
661 1784 843 1868 tribuatur,
876 1784 1025 1853 fabulam
1059 1786 1103 1853 de

47 1893 210 1977 Pythone
232 1894 274 1960 ab
290 1892 453 1979 Apolline
477 1897 595 1962 occiso
618 1897 685 1960 iam
710 1895 744 1960 in
769 1893 1101 1979 mythographorum

47 2002 145 2070 libris
169 2021 249 2070 cum
273 2001 386 2071 fabula
410 2002 577 2087 Daphnes
602 2003 813 2072 cohaesisse.
850 2023 939 2087 quos
961 2017 1103 2071 secutus

48 2115 149 2179 etiam
186 2108 339 2180 Ovidius
373 2112 477 2180 deum
512 2127 546 2180 et
579 2115 613 2179 in
648 2111 760 2180 fabula
790 2111 959 2195 Pythonis
992 2130 1102 2196 paene

48 2237 198 2303 puerum
222 2219 316 2288 lecit:

164 2435 184 2489 l.
202 2437 251 2490 441
275 2437 351 2490 hunc
369 2437 442 2492 deus
459 2438 622 2492 arcitenens
642 2445 669 2491 et
682 2452 839 2505 numquam
859 2437 963 2491 talibus
982 2438 1070 2492 ermis

275 2529 341 2575 ante
360 2521 414 2576 nisi
434 2521 462 2576 in
482 2521 606 2576 dammis
625 2522 795 2590 capreisque
814 2520 962 2587 fugacibus
981 2536 1103 2575 usus...

275 2605 397 2672 perdidit

47 2818 79 2870 et
101 2806 135 2871 in
160 2803 275 2872 labula
299 2797 466 2889 Daphnes
489 2807 548 2871 vix
571 2805 740 2890 puberem
764 2806 911 2873 induxit:
1015 2857 1016 2862 η

163 3021 183 3074 1.
201 3021 257 3074 452
275 3023 385 3090 primus
405 3037 486 3076 amor
505 3023 612 3078 Phoebi
632 3023 754 3090 Daphne
772 3023 885 3077 Peneia.

89 3230 299 3299 bibliotheca
323 3231 531 3317 Apollodori
555 3247 667 3300 autem
692 3232 890 3317 Apollinem
915 3233 1021 3300 modo
1045 3251 1103 3300 na·

47 3354 116 3406 turn
142 3339 303 3425 Delphos
326 3343 468 3409 venisse
492 3357 605 3408 narrat
639 3356 672 3409 et
694 3341 888 3425 Pythonem
919 3342 1102 3423 occidisse,
1172 3386 1174 3390 .

47 3445 216 3532 Daphnes
251 3447 363 3516 labula
401 3452 540 3517 omissa.
600 3451 805 3534 hypothesis
842 3469 929 3517 vcro
961 3449 1100 3517 Pindari

47 3555 252 3639 Pythiorum
287 3577 388 3640 quam
427 3578 471 3626 ex
495 3559 619 3626 eodem
655 3557 748 3626 lonte
769 3557 916 3626 'fluxisse
939 3561 1103 3643 suspicor

47 3667 200 3731 maxime
218 3680 363 3749 propter
379 3684 590 3734 consensum
608 3667 651 3734 de
675 3666 876 3751 parentibus
891 3667 994 3734 Panis
1012 3666 1102 3750 (87),

78 3897 136 3962 (87)
157 3899 225 3952 stur.
243 3898 337 3967 upon.
355 3900 373 3952 1.
391 3901 433 3954 22.
457 3898 596 3953 ‘Anatim
619 3886 648 3953 ot
671 3902 719 3968 tp
741 3901 877 3971 μαντικὴν
899 3903 1005 3974 μαθων
1027 3899 1103 3974 παρα·

47 3981 138 4041 Πανὸς
156 3985 202 4034 τοῦ
221 3984 283 4042 Διὸς
301 3983 346 4035 καὶ
366 3983 514 4056 Θύμβρεως
531 3978 593 4050 ἧκεν
610 3988 646 4044 εἰς
663 3985 789 4054 Δελφούς.

78 4066 197 4134 hypoth.
214 4065 294 4120 Pind.
312 4066 392 4134 Pytb.
412 4067 528 4123 Boeclih
547 4067 577 4121 ll.
594 4069 616 4122 l.
634 4084 660 4138 p.
672 4069 739 4124 297:
757 4072 843 4142 ἔμαθε
860 4069 889 4123 δὲ
907 4069 953 4124 καὶ
970 4067 1016 4137 τὴν
1031 4089 1102 4141 μαν-
