3000 5168
881 569 1002 676 (2⁰)

413 747 572 811 clnorum
596 743 855 810 Messeniorum
885 761 988 809 causa
1015 743 1200 809 stetissent.
1245 759 1365 824 neque
1394 759 1485 808 vero

414 851 617 937 Triphylios
640 850 813 919 obnoxios
836 853 1013 935 quievisse
1029 851 1131 918 docet
1145 849 1381 933 Thucydides
1403 849 1483 932 (47)

414 963 472 1045 qui
501 974 616 1028 narrat
641 959 843 1044 Lepreatas,
876 977 954 1026 cum
989 961 1031 1027 iis
1053 958 1126 1026 Elei
1159 958 1318 1042 aliqando
1359 957 1481 1041 (ποτέ)

414 1083 533 1158 contra
549 1068 705 1138 Arcades
728 1069 899 1152 quosdam
924 1065 1023 1156 (πρὸς
1040 1063 1215 1155 Ἀρκάδων
1235 1063 1340 1149 τινάς)
1372 1086 1482 1151 opem

414 1176 585 1260 tulissent,
619 1196 663 1244 ex
697 1175 755 1244 illo
790 1190 948 1261 tempore
982 1175 1054 1243 lovi
1079 1173 1270 1260 Olympico
1304 1175 1480 1244 talentum

414 1304 566 1353 annuum
590 1284 750 1354 solvisse.
795 1285 890 1369 quod
918 1304 997 1353 cum
1021 1286 1117 1352 initio
1140 1283 1221 1352 belli
1245 1283 1481 1369 Peloponne-

414 1396 496 1462 siaci
521 1393 637 1462 lacere
666 1394 863 1478 desiissent,
897 1413 935 1462 re
962 1394 1004 1461 ad
1027 1393 1324 1462 Lacedaemonios
1352 1393 1478 1474 delata,

414 1503 517 1571 Eleos
535 1521 614 1570 cum
631 1505 835 1571 sententiam
853 1502 919 1570 sibi
936 1505 1088 1586 iniquam
1105 1501 1182 1570 lore
1197 1505 1477 1586 suspicarentur,

414 1611 664 1696 Lepreatarum
687 1629 807 1696 agrum
831 1612 1016 1696 populatos
1040 1631 1130 1679 esse.
1173 1611 1476 1680 Lacedaemonios

416 1733 531 1788 autem
547 1719 734 1805 Leprcatas
757 1719 888 1788 liberos
916 1739 997 1788 esse
1031 1722 1176 1788 iussisse
1210 1719 1394 1803 simulque
1417 1719 1475 1786 Le·

416 1847 540 1913 preum
565 1829 741 1914 praesidio
764 1847 968 1914 occupasse.
1012 1848 1078 1912 qua
1104 1832 1138 1895 in
1169 1848 1207 1896 re
1237 1831 1341 1896 etiam
1369 1831 1473 1911 magis

415 1940 489 2006 suis
523 1939 719 2005 commodis
752 1941 938 2006 servierint
970 1956 1073 2021 quam
1097 1937 1360 2022 Lepreatarum.
1408 1954 1471 2020 quo

417 2045 517 2129 lacto,
542 2047 646 2116 Eleos
670 2066 749 2116 cum
774 2049 911 2132 Argivis
936 2046 1062 2116 loedus
1087 2049 1218 2115 iniisse.

461 2173 504 2237 ita
526 2169 697 2256 Triphylii
725 2191 743 2239 a
770 2171 897 2256 quibus
920 2171 1012 2240 Eleis
1035 2172 1147 2240 traditi
1171 2171 1316 2255 lucrant,
1346 2172 1468 2238 horum

416 2282 450 2346 in
474 2293 679 2363 potestatem
701 2294 882 2349 venerunt.
926 2281 1053 2350 deinde
1076 2279 1368 2349 Lacedaemoniis
1397 2279 1468 2346 belli

416 2387 519 2456 Attici
541 2388 822 2473 expeditionibus
857 2390 1020 2458 districtis
1054 2393 1178 2458 iterum
1201 2388 1387 2475 Triphylia
1416 2405 1467 2472 po·

416 2499 496 2564 titos
519 2516 599 2565 esse
621 2496 724 2566 Eleos
747 2511 891 2566 constat.
927 2512 1041 2566 narrat
1056 2501 1148 2566 enim
1164 2497 1367 2583 Xenophon
1386 2494 1465 2580 (48),

417 2624 496 2673 cum
522 2618 650 2674 aestate
673 2626 702 2673 a.
724 2611 797 2673 399
819 2604 1065 2690 Thrasydaeus
1088 2607 1192 2675 Eleus
1220 2607 1341 2692 legatis
1370 2605 1465 2672 Lace·

417 2713 623 2782 daemonem
668 2718 785 2783 missis
829 2735 996 2783 assensus
1040 2729 1134 2784 esset
1181 2716 1225 2784 de
1268 2707 1488 2800 Triphyliael

416 2823 558 2906 oppidis
582 2824 805 2907 dimittendis,
838 2842 959 2909 pacem
994 2824 1057 2892 hac
1081 2825 1279 2892 conditione
1303 2828 1336 2892 ei
1362 2825 1486 2910 datan*

417 2950 508 3000 esse.
552 2931 728 3000 liberaenc
761 2935 863 3016 igitur
886 2931 993 3000 iactae
1026 2934 1132 3001 sunt?
1176 2936 1282 3000 immo
1307 2911 1485 3001 dominosl

417 3054 599 3107 mutarunt.
654 3060 768 3124 neque
802 3059 869 3126 pax
903 3044 994 3126 regis
1033 3044 1074 3110 iis
1108 3043 1295 3127 quidquam
1332 3039 1459 3128 proluit,

416 3151 497 3232 quia
531 3147 795 3217 Lacedaemonii
826 3152 867 3217 iis
905 3150 1120 3235 temporibus
1158 3154 1191 3218 in
1222 3150 1457 3235 Peloponneso

416 3256 604 3342 plurimum
628 3257 812 3342 pollebant.
858 3261 954 3326 testis
977 3273 1030 3327 est
1053 3259 1144 3328 idem
1167 3258 1367 3344 Xenophon
1391 3252 1455 3339 (49)
1479 3257 1481 3373 s

416 3368 475 3450 qui
492 3369 636 3450 exponit
658 3385 748 3434 anno
764 3370 846 3450 371,
869 3386 948 3435 cum
965 3381 1044 3452 post
1060 3368 1232 3453 proelium
1248 3367 1455 3436 Leuctricun
1478 3415 1479 3449 q

416 3471 648 3541 Athenienses
676 3511 715 3518 —
744 3493 822 3540 nam
856 3493 958 3560 aegre
992 3475 1148 3544 ferebant
1181 3478 1337 3544 civitates
1370 3473 1478 3542 Pelo-l

416 3585 564 3666 ponnesi
598 3582 718 3662 adhuc
734 3583 1018 3654 Lacedaemoniis
1053 3586 1145 3654 dicto
1175 3588 1357 3656 audientes
1390 3599 1453 3651 esse

415 3691 627 3758 ——concilio
662 3707 853 3761 convocato
887 3696 1128 3762 iusiurandum
1156 3699 1399 3781 concepissent
1427 3693 1450 3754 in

416 3871 678 3878 ····“““’“
1470 3847 1473 3992 )

450 3964 507 4033 (47)
526 3965 559 4020 V.
577 3968 621 4019 31,

449 4048 505 4116 (48)
524 4049 593 4104 lien.
614 4050 689 4104 Heli.
707 4051 748 4105 lll.
769 4052 793 4106 2.
812 4052 849 4106 ³0
862 4069 905 4121 sq.
1468 4007 1471 4222 r

449 4131 506 4200 (49)
524 4134 561 4187 ib.
580 4133 625 4186 vl.
642 4135 667 4187 5.
685 4135 710 4190 2.
