3000 5168
544 500 663 612 (tt)

59 678 260 744 uarietates
290 694 463 760 unamque
493 677 759 760 discrepantiam
785 675 935 759 ideoque
959 669 1128 742 ambobus

73 786 208 854 fontem
246 803 467 853 communem
510 783 617 852 luisse
655 787 790 867 statuit,
833 803 938 869 quem
976 783 1128 852 Ovidius

73 896 219 963 liberius
256 895 461 978 adhibuerit,
498 879 642 962 scilicet
667 897 710 961 ita
747 894 956 976 adhibuerit,
993 908 1030 960 ut
1066 897 1128 962 tria
1218 883 1219 887 ’

73 1007 215 1072 nomina
238 1018 370 1072 temere
393 1007 578 1072 immutarit
600 1018 702 1089 atque
725 1005 936 1087 corruperit,
958 1003 1068 1070 semel
1092 1006 1125 1069 in

72 1113 188 1182 fabula
208 1114 420 1198 simpliciore
441 1113 604 1181 nonnulla
621 1116 765 1180 novarit.
795 1113 858 1180 sed
875 1112 1127 1196 perlustremus

72 1223 208 1308 singula
233 1221 322 1307 (13).

116 1367 311 1433 anonymus
335 1349 436 1417 habet
454 1347 656 1436 Ὀρχομενόν
679 1362 711 1416 et
733 1346 953 1432 Νυκτινόμην,
976 1345 1128 1414 Ovidius

74 1457 294 1526 Orchamum
319 1457 396 1542 (14)
429 1472 462 1525 et
484 1458 715 1542 Nyctimenen
741 1455 831 1539 (15).
875 1475 941 1540 qua
964 1458 1128 1523 varietate

73 1567 158 1634 nihil
203 1565 359 1634 efficitur.
429 1584 569 1633 errores
618 1579 698 1632 sunt
734 1567 914 1648 anonymi,
967 1581 1127 1631 errorum

73 1689 189 1744 autem
224 1694 349 1743 causae
382 1678 596 1742 innumerae.
651 1677 704 1740 sin
738 1676 864 1757 minus,
898 1686 1010 1740 tamen
1045 1673 1127 1740 nihil

74 1789 244 1870 sequitur.

117 1910 270 1979 Ovidius
304 1929 369 1995 per
402 1929 559 1978 errorem
592 1911 762 1976 Phocaico
797 1909 917 1975 tellure
945 1907 1023 1992 (16)
1062 1926 1127 1992 pro

74 2021 225 2088 Phocica
248 2021 353 2102 dedit,
375 2038 571 2104 anonymus
595 2022 756 2087 correxit.
783 2022 834 2086 sic
857 2033 950 2086 recte
967 2021 1127 2102 opinatus

75 2143 128 2196 est
144 2129 368 2198 Boehlavius.
408 2129 472 2197 hac
495 2130 539 2197 de
563 2147 601 2196 re
624 2144 737 2197 tamen
761 2131 939 2213 disputare
962 2146 1127 2212 superse·

73 2239 159 2306 dere
192 2256 350 2322 possum,
384 2256 463 2305 cum
497 2257 540 2304 ne
575 2241 651 2323 ipse
673 2238 848 2305 Maassius
882 2237 1127 2320 quidem'inde

73 2345 252 2432 profectus
268 2351 321 2430 sit,
344 2348 408 2415 sed
431 2360 559 2414 tantum
583 2365 666 2414 suae
682 2349 872 2414 sententiae
896 2364 965 2412 non
989 2345 1127 2412 obstare

73 2455 281 2540 significarit.

116 2601 311 2666 anonymus
335 2582 438 2650 habet
456 2579 670 2665 Clymenum
683 2580 913 2668 Nyctinomes
936 2593 1127 2664 parentem,

77 2691 121 2757 de
154 2709 223 2775 quo
259 2689 411 2758 Ovidius
446 2691 539 2757 nihil.
594 2688 819 2774 probabiliter
853 2706 935 2772 ergo
969 2691 1127 2772 sequitur

62 2793 227 2883 'syllogae
277 2800 458 2867 Mediceae
512 2799 659 2866 subesse
715 2801 890 2883 epitomen
940 2797 1128 2864 Metamor-

75 2907 234 2991 phoseon
272 2907 409 2991 qualem
451 2897 545 2974 dedit
581 2905 788 2988 Lactantius,
833 2905 964 2973 scilicet
1007 2908 1126 2989 paucis

75 3016 315 3084 additamentis
339 3016 634 3101 mythographicis
658 3016 910 3100 locupletatam.

117 3169 223 3216 unum
256 3164 370 3217 tamen
393 3164 632 3234 argumentum
656 3148 829 3216 Maassius
863 3147 1004 3233 protulit
1031 3149 1126 3232 quod

74 3261 270 3343 speciosius
303 3272 364 3326 est.
419 3259 511 3342 apud
544 3276 755 3342 anonymum
789 3254 929 3340 Clytien
963 3275 1042 3324 esse
1069 3275 1126 3323 so·

74 3385 191 3433 rorem
218 3365 455 3450 Leucothoes,
482 3367 574 3451 apud
602 3364 771 3433 Ovidium
799 3365 926 3432 nullam
955 3368 1124 3433 intereas

75 3476 291 3555 intercedere
328 3476 633 3544 necessitudinem.
692 3476 803 3542 dicam
840 3475 924 3558 quid
961 3474 1044 3540 mihi
1087 3477 1124 3540 vin

108 3798 165 3869 (13)
184 3798 222 3854 ci.
240 3800 271 3854 R.
287 3799 387 3868 Franz,
405 3800 423 3853 l.
441 3800 459 3853 1.
477 3815 503 3868 p.
521 3800 584 3854 264.

108 3891 164 3962 (14)
183 3891 298 3946 Metam.
317 3890 444 3946 1V.212.
570 3888 571 3893 ’

107 3983 165 4056 (15)
183 3983 297 4039 Metam.
315 3983 345 4037 ll.
362 3984 418 4038 590
437 3994 464 4038 et
481 3985 545 4039 593.

107 4075 163 4144 (16)
182 4075 297 4130 Metam.
315 4074 345 4127 ll.
363 4076 425 4128 569.
