3000 5168
467 523 586 637 (8¹)

164 830 227 901 os
259 829 391 902 ovnn
420 833 881 921 METAM.V11.204sqq.

41 1010 195 1080 Ovidius
211 1027 346 1080 narrata
362 1011 475 1082 fabula
490 1011 642 1082 Aesonis
658 1030 762 1098 quern
779 1014 913 1080 recoxit
926 1010 1052 1080 Medea

9 1122 164 1206 adiungit:

31 1307 148 1361 Metam.
165 1306 221 1360 Vll.
239 1308 296 1361 294

147 1424 256 1478 viderat
275 1439 309 1478 ex
328 1425 384 1480 alto
402 1425 471 1479 tanti
491 1425 627 1480 miracula
645 1427 767 1480 monstri

147 1508 232 1562 Liber
250 1517 278 1562 et
295 1509 461 1563 admonitus
479 1509 600 1563 iuvenes
618 1509 778 1564 nutricibus
796 1522 888 1564 annos

146 1605 236 1660 posse
254 1593 316 1646 suis
335 1592 425 1659 reddi,
443 1593 517 1660 capit
535 1593 590 1647 hoc
607 1607 624 1646 a
642 1591 783 1648 Colchide
800 1606 916 1648 munus.

34 1793 195 1863 similiter
209 1783 324 1863 autem
341 1797 375 1862 in
391 1793 578 1879 hypothesi
590 1793 766 1880 Euripidis
777 1795 926 1864 Medeae
941 1794 1049 1864 allatis

7 1904 100 1971 tribus
126 1903 292 1972 versibus
307 1902 500 1972 Nostorum
524 1903 650 1990 quibus
665 1904 791 1974 Medea
807 1907 953 1972 venenis
975 1906 1049 1972 suis

6 2011 186 2096 perfecisse
206 2013 343 2097 dicitur,
366 2028 402 2082 ut
417 2013 536 2082 Aeson
559 2027 773 2082 senectutem
791 2027 945 2096 exueret,
968 2012 1050 2080 sub·

7 2123 157 2206 iungitur:

31 2297 199 2383 Αῑσχὺλος
220 2297 254 2365 δ’
277 2300 313 2366 ἐν
337 2311 407 2376 ταῖς
428 2296 590 2366 Διονύσον
615 2310 745 2387 τροφοῖς
770 2297 892 2386 ἱστορεῖ
916 2297 969 2365 ὅτι
994 2302 1047 2364 καὶ

6 2405 44 2484 τὰς
56 2405 225 2476 Διονύσου
237 2405 375 2496 τροφοὺς
387 2405 469 2492 μετὰ
483 2405 552 2475 τοῖν
568 2404 699 2496 ἀνδροῖν
720 2403 832 2474 οὖνῶν
853 2405 1047 2499 ἆνεψὴοασο

25 2523 186 2604 concinas.

30 2711 146 2777 statuit
174 2708 349 2778 Robertus
373 2707 488 2793 (189).
521 2709 626 2794 idque
650 2710 844 2777 rectissime
874 2706 1043 2777 Ovidium

5 2818 173 2887 aniiesto
202 2832 341 2903 praeter
366 2818 452 2886 haec
475 2837 564 2902 quae
587 2818 674 2885 dixit
695 2817 779 2886 nihil
803 2819 846 2886 de
870 2821 1044 2886 renovatis

10 2928 183 2996 utricibus
206 2927 322 2996 Liberi
350 2929 511 3011 scivisse,
545 2929 659 3012 itaque
673 2927 770 3010 ,hanc
793 2929 891 3012 quasi
914 2944 1045 3012 appen-

10 3037 100 3105 icem
130 3036 234 3105 simul
264 3056 342 3105 curn
366 3035 478 3104 fabula
501 3036 652 3105 Aesonis
675 3037 831 3105 traditam
855 3039 1044 3122 accepisse.

7 3166 71 3231 arn,
108 3166 189 3215 curn
217 3164 425 3232 persuasum
453 3145 596 3215 haberet
625 3159 763 3231 poetam
794 3145 884 3213 ultro
914 3165 1043 3214 nexum

7 3258 167 3324 venisse
194 3258 284 3324 inter
311 3253 637 3341 fabulas,‘quarum
665 3255 770 3324 altera
800 3256 834 3323 in
857 3255 1044 3340 hypothesi

7 3379 116 3433 ntum
141 3383 208 3451 pet
228 3367 420 3450 argumenti
443 3364 703 3433 similitudinem
732 3382 809 3432 curn
834 3365 938 3433 altera
962 3383 1045 3432 con·

25 3489 101 3543 ncta
126 3487 233 3558 esset,
256 3473 427 3542 conclusit
450 3471 619 3541 Ovidium
643 3492 702 3541 eas
725 3473 908 3542 eMedeae
931 3473 1044 3559 hypo·

11 3587 73 3651 esi
100 3585 256 3668 cognitas
279 3581 453 3651 habuisse.
497 3601 586 3666 quae
615 3581 810 3666 conclusio,
836 3585 1041 3668 praesertim

6 3712 62 3760 nn
99 3695 178 3778 ipse
213 3690 366 3760 Ovidius
399 3691 609 3776 tragoediam
636 3691 799 3761 Medeam
832 3693 1042 3777 scripsisset,
1124 3775 1133 3788 .

18 3801 164 3870 ·nnullis
187 3799 388 3886 probabilis,
411 3800 527 3868 multis
550 3802 651 3869 etiarn
675 3803 866 3870 certissima
890 3819 969 3870 esse
991 3803 1043 3880 vi·

19 4115 93 4176 nso)
114 4112 181 4168 ortu
200 4114 258 4167 unu
279 4113 346 4165 uteo
366 4113 515 4179 p.231.5.
