3034 5176
864 523 982 632 (³2)

444 697 562 778 incipit
585 693 714 770 iontem
742 707 883 762 secutus
908 693 1002 778 (7t):
1039 697 1121 783 pani
1153 695 1189 759 ol
1217 693 1381 780 Ἀρκάδες
1413 693 1463 770 ὡς

401 800 571 884 Πελασγός
602 806 726 884 γένοιτο
758 803 794 869 έν
819 802 915 896 1?in
936 800 1035 896 ταύτῃ
1060 801 1200 888 πρῶτος.
1243 805 1356 888 pergit
1381 805 1463 887 ipse

402 911 577 996 nugando:
614 907 699 987 εῑιιὸς
730 911 765 977 δὲ
796 910 860 995 ἔχει
880 909 938 980 τοῦ
959 908 1059 993 λόγον
1089 913 1143 976 καὶ
1165 911 1282 988 ἄλλους
1303 909 1393 995 ὁμοῦ
1413 909 1464 999 τῷ

401 1020 558 1107 Πελασγῷ
586 1020 666 1105 μηδὲ
691 1017 795 1086 αὐτὸν
815 1018 990 1102 Πελασγὸν
1014 1024 1172 1102 γενέσθαι
1195 1018 1313 1105 μόνον·
1347 1026 1463 1086 ποίων

401 1127 462 1214 γὰρ
483 1126 598 1195 ἄνκαὶ
620 1127 713 1217 ἦρχεν
734 1127 751 1194 ὁ
770 1127 940 1211 Πελασγός
960 1125 1154 1214 ἀνθρώπων
1159 1160 1170 1212 ,·
1190 1133 1323 1213 μεγέθει
1343 1133 1464 1213 μέντοι

400 1239 453 1302 καὶ
485 1234 567 1302 κατὰ
599 1233 701 1322 ἀλκὴν
731 1240 785 1302 καὶ
818 1235 934 1314 ιιάλλας
965 1249 1115 1326 προεῖχεν
1148 1237 1165 1304 ὁ
1198 1235 1370 1320 Πελασγὸς
1403 1242 1461 1303 καὶ

400 1344 532 1432 γνιίμιμ
552 1342 634 1434 ὑπὲρ
654 1343 728 1422 τοὺς
748 1345 866 1424 ἄλλους
886 1344 925 1430 ἦν
946 1349 999 1412 καὶ
1020 1343 1144 1413 τούτων
1166 1351 1258 1413 ένειια
1279 1344 1462 1435 αἱρεθῆναί

399 1479 456 1538 μοι
476 1455 565 1520 δοκεῖ
583 1452 767 1536 βασιλεύειν
788 1452 846 1522 ὕπ’
871 1452 992 1523 αὐτῶν.

400 1590 402 1594 ·
444 1564 571 1631 deinde
605 1565 694 1632 redit
727 1565 769 1632 ad
804 1562 949 1633 iontem:
987 1571 1164 1650 πεποίηται
1196 1565 1231 1630 δὲ
1262 1568 1316 1630 καὶ
1345 1563 1461 1652 Ἀσίῳ

400 1671 509 1738 τοιάδε
530 1673 562 1750 ές
582 1669 698 1739 αὐτόν·

477 1779 635 1847 ἀντίθεον
667 1782 703 1847 δὲ
735 1780 909 1863 Πελασγόν
945 1783 980 1848 έν
1016 1779 1230 1874 ὑψικόμοισιν
1265 1781 1377 1867 ὄρεσσι

478 1902 556 1971 ματα
576 1887 702 1973 μέλαιν’
728 1888 900 1969 ἀνέδωκεν,
922 1899 977 1956 ἵνα
999 1894 1136 1978 θνητῶν
1156 1897 1247 1974 γένος
1269 1894 1327 1976 εἴη.

443 2001 588 2082 quaesi
618 2018 697 2066 cum
729 1999 905 2084 prioribus
938 2003 1173 2084 coniunxeris,
1206 2014 1278 2067 tum
1312 1999 1458 2067 demum

402 2107 581 2192 intelleges
597 2109 680 2192 quid
697 2108 762 2176 sibi
785 2107 893 2176 velint
907 2108 1013 2177 verba
1037 2123 1160 2194 poetae
1182 2108 1289 2178 allata.
1323 2108 1459 2176 scilicet

402 2215 488 2284 haec
521 2215 641 2284 subest
674 2219 857 2285 sententia:
895 2218 1014 2286 dicunt
1046 2217 1201 2286 Arcades
1235 2218 1457 2285 conditorem

403 2325 543 2392 humani
566 2329 703 2409 generis
726 2325 909 2411 Pelasgum
935 2329 979 2394 in
996 2346 1058 2394 sua
1086 2329 1208 2411 patria,
1235 2344 1304 2393 non
1332 2328 1366 2392 in
1389 2325 1459 2393 Ar-

402 2432 531 2516 golide,
565 2447 601 2500 ut
632 2434 737 2519 vulgo
771 2435 927 2518 credunt,
960 2449 1075 2503 natum
1110 2455 1200 2504 esse.
1244 2433 1457 2519 quibuscum

403 2537 574 2610 consentit
610 2541 716 2610 Asius
754 2558 855 2628 poeta
892 2546 950 2626 qui
988 2543 1164 2612 Tellurem
1198 2542 1381 2626 Pelasgum
1423 2547 1458 2610 in

404 2649 578 2718 montibus
602 2655 783 2736 peperisse
807 2654 946 2734 cecinit,
972 2667 1008 2718 ut
1034 2669 1144 2736 genus
1167 2651 1347 2719 hominum
1373 2671 1457 2719 con-

403 2761 554 2828 deretur.

445 2868 572 2936 deinde
595 2867 728 2952 Pelasgi
752 2871 901 2936 inventis
925 2872 1134 2937 enumeratis
1161 2871 1281 2937 transit
1303 2871 1458 2954 scriptor

403 2977 446 3043 ad
478 2975 585 3044 lilium
620 2979 695 3045 eius
719 2977 916 3061 Lycaonem
951 2997 1055 3061 quem
1089 2980 1150 3044 tria
1175 2981 1351 3045 invenisse
1375 2995 1457 3061 per-

403 3085 511 3154 hibet:
555 3087 558 3094 '

446 3197 592 3278 primam
625 3193 720 3261 illum
748 3193 870 3261 urbem
898 3195 1099 3262 condidisse
1126 3193 1358 3278 Lycosuram‚
1387 3197 1458 3279 pri·

405 3322 499 3370 mum
519 3302 637 3370 lovem
657 3320 879 3387 nuncupasse
895 3302 1069 3387 Lycaeum
1087 3301 1176 3386 (72),
1199 3305 1332 3388 primos
1353 3303 1458 3371 ludos

404 3414 594 3480 instituisse
621 3411 765 3496 Lycaea.
809 3414 843 3479 in
877 3412 1103 3496 sequentibus
1137 3427 1250 3480 autem
1284 3417 1457 3482 sentimus

403 3521 607 3590 Pausaniam
631 3521 810 3605 exemplar
832 3539 934 3588 suum
957 3521 1045 3589 adeo
1069 3523 1284 3589 contraxisse
1311 3535 1348 3588 ut
1370 3541 1458 3590 non·

405 3631 469 3698 nisi
493 3643 608 3698 mente
635 3629 806 3715 suppletis
829 3629 1004 3698 nonnullis
1031 3629 1098 3698 loci
1125 3649 1269 3698 sensum
1291 3649 1456 3716 assequa-

438 3911 495 3982 (τι)
513 3912 580 3968 vm.
603 3914 626 3968 ι.
643 3915 668 3967 ι.

438 4004 495 4074 (72)
514 4005 551 4060 cl.
569 4005 660 4062 schol.
679 4008 713 4062 ad
732 4007 797 4061 Eur.
815 4006 865 4061 Or.
887 4006 956 4060 1646
1038 4005 1168 4074 Auxtt'avu,
1185 4004 1216 4067 ‘ic
1232 4025 1259 4060 ta
1277 4008 1321 4060 τοῦ
1338 4011 1452 4062 Αικαίσν

404 4091 468 4150 Διὸς
486 4090 559 4163 ἱερὸν
576 4091 659 4144 aiam
677 4092 706 4144 la
723 4093 870 4165 Παρρασίᾳ.
887 4117 920 4128 -
938 4092 1021 4146 aliter
1038 4091 1171 4160 Hyginus
1190 4089 1245 4146 lab.
1262 4090 1326 4145 225.
