3000 5168
853 525 974 632 (⁵2)

392 697 520 782 epyiilo
557 693 794 764 Alexandrino
828 695 986 781 Meropis
1024 695 1134 763 nullas
1171 694 1280 765 fuisse
1319 708 1436 780 partes.

391 809 584 874 accuratius
617 819 730 874 tamen
767 804 1043 890 investigandum
1082 819 1135 872 est
1167 825 1211 872 ex
1244 824 1316 890 quo
1353 801 1436 870 fonte

392 912 532 984 fluxerit
555 913 750 984 Ovidianae
784 912 919 982 fabulae
953 932 1034 998 pars
1066 917 1173 998 prior.
1217 915 1436 982 imitationem

391 1023 612 1109 Euripideam
636 1023 801 1092 odoratus
826 1037 878 1091 est
900 1021 1097 1091 Knaackius
1114 1022 1217 1107 (107)
1241 1022 1263 1089 1.
1279 1025 1355 1090 767
1372 1039 1437 1105 sqq.

392 1131 664 1218 mmmm:

490 1366 542 1419 per
559 1351 641 1406 iubar
657 1352 722 1418 hoc,
739 1351 841 1419 inquit,
857 1351 944 1405 radiis
963 1351 1078 1418 insigne
1096 1351 1235 1415 coruscis,

491 1443 566 1502 nate,
583 1435 633 1490 tibi
652 1436 724 1500 iuro,
745 1435 821 1503 quod
840 1449 895 1489 nos
913 1434 1050 1503 auditque
1067 1434 1210 1503 videtque,

492 1520 547 1573 hoc
564 1527 593 1572 te
611 1532 697 1587 quem
716 1527 840 1588 spectas,
859 1520 915 1574 hoc
932 1527 961 1572 te
979 1520 1028 1587 qui
1046 1526 1187 1586 temperat
1204 1520 1304 1572 orbem

491 1600 560 1656 Sole
577 1610 680 1657 satum.
706 1603 732 1656 si
750 1601 814 1657 flcta
832 1603 943 1671 loquor,
962 1610 1049 1670 neget
1066 1603 1130 1670 ipse
1147 1602 1303 1656 videndum

491 1699 525 1740 se
542 1685 613 1740 mihi
631 1687 726 1754 sitque
748 1687 841 1740 oculis
860 1687 909 1741 lux
927 1686 982 1740 ista
1000 1686 1161 1740 novissima
1178 1687 1293 1740 nostris.

491 1784 545 1824 nec
563 1771 667 1838 longus
686 1769 793 1838 patrios
811 1771 893 1825 labor
911 1770 1023 1825 esttibi
1041 1785 1131 1825 nosse
1150 1769 1285 1824 Penates:

491 1853 569 1908 unde
586 1855 676 1908 oritur
693 1854 798 1908 domus
817 1862 862 1908 est
878 1861 971 1908 terrae
988 1854 1168 1908 contermina
1186 1862 1310 1908 nostrae.

492 1937 517 1991 si
536 1937 622 1992 modo
642 1937 698 1992 iert
716 1939 844 2005 animus,
865 1939 984 2006 gradere
1004 1947 1032 1992 et
1048 1939 1190 1992 scitabere
1208 1939 1243 1991 ab
1262 1939 1337 2006 ipso.

433 2155 497 2224 sed
520 2156 677 2240 inspecto
701 2154 876 2240 Euripidis
910 2153 1102 2240 fragmento
1125 2161 1208 2240 775,
1241 2156 1337 2242 quod
1363 2170 1433 2221 con·

392 2263 475 2332 ferri
499 2264 606 2332 iubet:

394 2481 463 2550 KA.
506 2485 664 2569 μνησθεὶς
686 2481 705 2550 ὅ
726 2490 783 2568 μοί
805 2480 883 2551 ποτ’
908 2481 974 2569 εἴφ’
999 2481 1050 2550 ὅτ’
1075 2480 1224 2570 εὐνάσθη
1248 2480 1330 2560 θεός

508 2588 609 2658 αὐτοῦ
629 2616 662 2657 τι
682 2589 799 2685 χρῄζεις
822 2597 870 2658 ἓν·
901 2598 988 2680 πέρα
1007 2590 1069 2680 γὰρ
1090 2589 1129 2660 οὗ
1151 2597 1248 2676 θέμις

507 2701 620 2781 λαβεῖν
642 2717 690 2766 σε·
716 2699 779 2767 κᾶν
799 2726 859 2786 μεν
880 2700 1037 2794 τυγχάνῃς
1058 2700 1152 2782 ὅπου
1175 2701 1300 2794 θέλῃς),

509 2805 591 2876 θεοῦ
613 2813 776 2898 πέφυκας·
801 2813 831 2875 εἰ
851 2811 887 2876 δὲ
907 2807 962 2896 μὴ,
985 2807 1106 2902 ψευδὴς
1129 2807 1204 2893 ἐγώ.

386 2956 470 3027 ΦΑ.
510 2949 584 3028 πιιῖς
605 2949 664 3019 οὖν
684 2950 837 3040 πρόσειμι
859 2950 955 3038 δεῖμα
978 2950 1105 3041 θερμόν
1121 2950 1246 3032 Ἡλλσιις

395 3084 466 3143 ΚΛ.
509 3083 601 3167 κείνῳ
621 3074 749 3163 μελήσει
770 3081 866 3163 σῶμα
886 3076 929 3164 μὴ
950 3075 1110 3160 βλάπτειν
1131 3076 1169 3144 ad
1194 3075 1266 3144 σόν.

396 3208 471 3270 ΦΑ.
509 3209 600 3290 εἴπερ
621 3203 728 3291 πατὴρ
749 3209 904 3294 πέφυκεν·
931 3202 970 3272 οὗ
993 3203 1098 3284 κακῶς
1118 3206 1227 3288 λέγεις.

395 3335 466 3394 KA.
510 3327 588 3417 σάφ’
614 3334 701 3396 ἴσθι·
723 3329 837 3397 πεύσει
858 3328 891 3396 δ’
916 3327 998 3398 αὐτὸ
1024 3328 1068 3420 τῷ
1090 3330 1196 3418 χρόνῳ
1218 3328 1342 3417 σαφῶς,

396 3566 439 3614 ne
473 3547 573 3615 talem
598 3549 738 3633 quidem
762 3551 985 3618 imitationem
1010 3553 1126 3618 inveni
1160 3549 1296 3633 qualem
1321 3556 1433 3628 expec-

396 3657 488 3739 taris,
514 3658 544 3723 si
568 3675 646 3724 cum
670 3656 846 3727 Knaackio
872 3657 974 3742 (108)
1005 3673 1132 3727 statuas
1157 3656 1326 3726 Ovidium
1348 3648 1432 3721 Euti-

395 3765 486 3850 pidis
509 3764 758 3834 Phaethontem
785 3787 855 3837 non
879 3767 1015 3852 legisse.
1056 3769 1120 3838 sed
1144 3767 1292 3836 fortasse
1303 3785 1350 3839 ‚ex
1365 3764 1431 3844 ipso

397 3922 445 3927 -.-
675 3905 1431 3930 -..-...---„„..-*........-.......—-ae-2“

428 3999 504 4067 (107)
524 4002 541 4054 l.
560 4002 578 4054 l.
596 4015 623 4068 p.
640 4001 684 4056 23.

428 4090 503 4160 ιιοε)
523 4093 540 4145 1.
559 4093 576 4146 1.
595 4107 621 4160 ρ.
639 4093 684 4146 ar.
