3000 5168
861 543 981 650 (Μ)

397 714 552 784 debatur.
596 731 660 800 ego
693 732 790 798 vero,
823 733 1031 800 quamquam
1065 714 1150 782 haec
1181 733 1199 780 a
1229 713 1380 781 Roberto
1413 727 1441 780 et

397 826 530 892 acutius
553 826 690 892 inventa
714 837 747 892 et
761 823 921 892 subtilius
944 822 1113 908 explicata
1132 835 1213 916 sunt
1228 835 1262 890 et
1278 821 1442 903 omnibus,

397 932 492 1016 quod
515 934 634 1016 sciam,
655 946 733 1017 apte
756 935 846 1002 inter
867 951 906 1002 se
929 932 1119 1001 cohaerere
1141 931 1314 1013 videntur,
1333 932 1442 998 'tamen

398 1061 442 1110 ne
462 1043 577 1110 minus
596 1060 680 1109 vera
695 1045 763 1110 sint
778 1057 1005 1127 summopere
1019 1059 1158 1110 vereor.
1192 1044 1342 1126 primum
1359 1042 1444 1108 enim

399 1150 483 1218 nihil
506 1165 568 1234 est,
592 1169 654 1220 cur
676 1151 799 1221 eadent
822 1170 911 1238 quac
934 1153 969 1219 in
991 1150 1140 1219 Medeae
1163 1149 1350 1235 hypothesi
1372 1147 1445 1216 alibi

399 1279 570 1345 nusquam
597 1263 787 1330 memoriae
814 1261 949 1346 prodita
984 1258 1092 1328 iuisse
1122 1277 1311 1327 sumamus.
1356 1258 1445 1326 multi

400 1371 493 1436 enim
533 1369 790 1455 mythographi‚
834 1383 934 1456 puto,
977 1371 1267 1454 quotiescumque
1306 1367 1446 1436 fabulam

400 1477 551 1547 Aesonis
575 1479 767 1564 narrabant,
800 1473 885 1548 iliud
918 1480 963 1548 de
996 1478 1188 1547 nutricibus
1211 1477 1328 1546 Liberi
1361 1476 1448 1562 apud

400 1587 614 1672 Aeschylum
651 1587 816 1658 adnotare
854 1603 1022 1674 poterant.
1070 1588 1165 1672 quod
1204 1601 1240 1654 ut
1272 1586 1330 1655 vel
1363 1602 1448 1652 unus

399 1697 509 1766 semei
533 1695 664 1781 iecerit,
687 1697 888 1783 complures
922 1697 1015 1766 idem
1039 1711 1200 1782 repetere
1223 1715 1293 1764 non
1324 1693 1449 1763 dubita·

400 1807 490 1872 rint?
520 1820 591 1874 tum
623 1825 710 1876 vero
744 1825 846 1890 quam
871 1808 1020 1878 maxime
1043 1805 1245 1876 addubitare
1280 1823 1336 1874 me
1366 1805 1450 1888 cogit

401 1911 538 1999 Hygini·
555 1914 666 1999 locus,
688 1918 787 1984 cuius
812 1918 842 1984 si
865 1915 1039 1984 Robertus
1063 1933 1200 1984 memor
1222 1913 1356 1997 fuisset,
1385 1911 1449 1980 ior·

399 2024 486 2090 sitan
509 2025 706 2109 speciosam
722 2044 820 2094 suant
836 2025 1093 2094 adnotationem
1114 2025 1158 2094 de
1182 2024 1260 2092 loco
1277 2020 1449 2093 Ovidiano

401 2132 504 2216 paulo
528 2132 627 2202 aliter
652 2137 862 2220 scripsisset.
906 2136 999 2220 apud
1022 2134 1201 2220 Hyginum
1227 2131 1331 2218 (tao)
1358 2131 1451 2200 vide·

399 2240 479 2308 iicet
512 2239 587 2308 aliis
621 2242 767 2310 aliorum
791 2241 1015 2328 opinionibus
1043 2243 1087 2309 de
1110 2240 1239 2309 Bacchi
1263 2238 1450 2308 nutricibus

401 2349 509 2456 allatis
531 2352 847 2435 sequunturhaec:

435 2534 490 2587 hae
514 2531 567 2600 (sc.
586 2531 697 2588 Oceani
718 2531 813 2604 filiae)
840 2535 869 2589 in
894 2542 992 2590 monte
1015 2534 1095 2604 Nysa
1121 2548 1242 2589 munere
1266 2533 1375 2605 alumni
1402 2529 1451 2598 (sc.

400 2623 526 2694 Bocchi)
539 2626 645 2696 potitae
658 2635 734 2695 sunt,
746 2627 795 2696 qui
808 2626 940 2682 Medeam
954 2635 1109 2696 rogaverat,
1123 2635 1152 2681 et
1163 2627 1294 2695 deposita
1305 2631 1453 2680 senectute

305 2763 307 2766 .
402 2721 430 2772 in
449 2719 571 2774 iuvenes
589 2727 714 2774 mutatae
732 2729 809 2774 sunt

444 2942 489 2991 ex
512 2920 644 2991 Ovidio
668 2921 753 2992 haec
776 2922 844 2990 huc
867 2924 1054 3009 irrepsisse
1084 2941 1214 2991 numne
1237 2925 1360 2991 tacitus
1383 2923 1453 3008 opi·

403 3044 501 3099 natus
535 3045 588 3099 est
620 3031 822 3101 Robertus?
865 3034 921 3100 cui
954 3033 1147 3118 suspicioni
1181 3033 1325 3100 omnino
1359 3032 1453 3100 locus

402 3153 558 3224 nonest,
581 3158 660 3208 cum
683 3140 781 3210 soius
805 3139 966 3226 Hyginus
989 3141 1118 3209 indicet
1151 3143 1185 3208 in
1219 3153 1339 3210 monte
1361 3139 1454 3224 Nysa

402 3248 531 3318 Bacchi
554 3251 707 3319 nutrices
730 3252 943 3319 iuventutem
967 3267 1065 3318 suam
1089 3266 1330 3335 recuperasse.

444 3391 506 3460 age
529 3375 727 3460 diligentius
761 3374 983 3445 conferamus
1007 3373 1185 3460 Hyginum
1210 3394 1289 3443 cunt
1314 3373 1455 3444 Ovidio.

402 3483 500 3552 solus
533 3484 615 3552 dicit
638 3482 791 3554 Ovidius
813 3483 977 3554 Liberum
1012 3505 1057 3554 ex
1089 3485 1158 3554 aito
1181 3499 1269 3554 tanta
1293 3483 1455 3554 miracula

402 3593 544 3662 vidisse.
588 3595 745 3664 concedo
774 3594 842 3663 hoc
876 3608 996 3680 utpote
1028 3597 1143 3664 minus
1175 3611 1280 3680 grave
1303 3595 1346 3663 ab
1380 3597 1455 3680 ipso

404 3706 583 3772 inventum
607 3721 686 3774 esse
708 3704 832 3773 videri.
875 3704 940 3772 sed
955 3719 1102 3789 uterque
1126 3718 1240 3772 narrat
1255 3739 1295 3748 -
1311 3705 1347 3772 id
1363 3703 1457 3789 quod

402 3815 436 3879 in
468 3812 658 3899 hypothesi
692 3831 763 3882 non
798 3815 927 3882 diserte
960 3813 1152 3882 dicitur-
1178 3811 1305 3882 Libero
1339 3813 1407 3904 hoc
1439 3830 1456 3878 a

667 4001 1012 4007 ...-—.-.——-—-—-.
1024 4003 1058 4007 -,-
1083 4003 1155 4008 -..---
1163 4001 1428 4008 ----—-——-—·--·

435 4113 513 4180 (too)
533 4113 590 4168 fab.
611 4114 669 4168 182.
