3000 5168
539 501 663 606 (⁸³)

16 680 22 743 1}
86 675 240 760 pendere.
290 674 382 757 apud
416 672 508 740 hunc
542 675 633 740 enim
668 673 805 756 Europa
839 671 1024 740 Phoenicis
1060 672 1128 740 iilia

14 811 18 854 e
86 798 141 866 est,
172 783 263 867 apud
300 781 396 848 illurn
432 781 614 868 Agenoris.
669 801 733 850 nec
771 781 998 850 omittendum
1036 782 1127 849 duco

86 891 207 960 Ovidio
230 895 264 958 in
288 891 396 959 Fastis
419 891 564 959 eosdem
590 890 728 958 Moschi
758 908 884 958 versus
918 892 1041 958 iterum
1069 909 1129 957 ex·

86 1002 191 1086 crnplo
215 1000 334 1068 fuisse.
364 1018 453 1084 quos
477 1003 542 1066 iarn
567 1003 734 1068 memoria
758 1018 837 1068 eunt
854 1002 1009 1066 tenuisse
1029 997 1128 1066 facile

86 1129 241 1178 conicias:

85 1346 150 1399 Fast.
160 1345 190 1398 V.
199 1345 254 1398 607
273 1347 321 1399 illa
339 1346 435 1400 iubam
456 1345 565 1411 dextra,
583 1345 663 1398 laeva
682 1345 822 1398 retinebat
840 1347 972 1409 amictus,

343 1447 371 1491 et
388 1439 474 1491 timor
492 1438 556 1504 ipse
575 1437 641 1490 novi
660 1451 748 1490 causa
766 1437 879 1490 decoris
899 1447 966 1489 erat.

274 1543 343 1582 aura
361 1529 444 1583 sinus
462 1529 572 1597 implet,
590 1529 678 1582 flavos
697 1537 794 1582 movet
812 1543 880 1582 aura
898 1529 1030 1595 capillos:

233 1632 235 1636 ’
343 1619 454 1687 Sidoni,
472 1623 514 1675 sic
533 1621 631 1675 fueras
648 1620 814 1688 aspicienda
832 1621 900 1675 iovi.

275 1727 363 1780 saepe
381 1713 527 1781 puellares
545 1713 683 1767 subduxit
700 1714 735 1766 ab
753 1728 879 1780 aequore
897 1714 1017 1780 plantas,

342 1815 370 1858 et
389 1805 491 1860 metuit
508 1813 600 1859 tactus
618 1806 777 1859 assilientis
795 1819 900 1872 cquae;

277 1912 365 1966 saepe
383 1898 455 1951 deus
474 1898 603 1966 prudens
621 1907 733 1966 tergum
753 1898 869 1952 demisit
887 1899 915 1950 in
935 1898 1037 1962 undas,

341 1991 457 2044 haereat
476 2000 507 2044 ut
526 1991 601 2044 coilo
622 1991 727 2044 iortius
747 1991 794 2044 ilic
813 2005 867 2044 suo
886 1988 971 2056 (134).

119 2229 273 2311 sequitur
289 2244 407 2309 porro,
429 2228 459 2291 si
474 2224 613 2292 Moschi
634 2243 758 2308 poema
774 2211 942 2292 ascivisse
958 2221 1126 2290 Ovidium

14 2365 19 2374 π’
82 2352 195 2402 verum
212 2348 275 2416 est,
298 2334 391 2402 unde
407 2333 543 2401 fabulae
559 2353 604 2402 ex
620 2333 686 2400 alio
703 2331 796 2401 ionte
815 2331 1128 2417 (mythographico,

18 2473 20 2480 >
83 2442 224 2527 utputo)
248 2442 313 2510 sibi
333 2445 492 2527 cognitae
509 2441 631 2510 florem
656 2457 689 2510 et
711 2443 865 2510 coiorenr
883 2456 1026 2526 peteret,
1049 2459 1128 2510 curn

15 2548 21 2592 s
84 2549 205 2620 tabulas
239 2553 411 2620 artissime
445 2551 673 2620 cohaerentes
707 2553 750 2620 de
774 2551 935 2635 Europae
969 2565 1068 2634 raptu
1097 2565 1129 2618 et

84 2658 199 2728 Cadmi
235 2663 512 2746 peregrinatione
547 2680 615 2728 non
650 2680 694 2728 ex
721 2679 791 2727 uno
826 2661 1022 2744 eodemque
1045 2677 1130 2743 poe-

15 2757 17 2786 *
85 2785 164 2839 nate
187 2769 328 2840 Graeco
352 2771 546 2856 repetiisse.

14 2911 17 2919 ’
119 2900 150 2964 in
182 2897 410 2982 sequentibus
443 2915 530 2964 vero
564 2900 598 2962 in
633 2896 755 2963 oculos
778 2898 922 2963 incurrit
944 2894 1129 2978 singularis

14 3021 16 3028 ·
83 3007 213 3088 quidam
237 3019 428 3074 concentus
453 3003 622 3073 Ovidium
654 3008 743 3073 inter
765 3018 798 3072 et
820 3004 985 3072 Nonnum
1009 3007 1129 3088 utique

19 3147 20 3151 ¹
83 3131 140 3197 per
175 3115 308 3183 iontem
350 3133 571 3182 communem
609 3113 854 3197 explicandus,
890 3131 995 3197 ‚quem
1038 3112 1129 3180 haud

83 3225 149 3289 scio
170 3243 212 3291 an
228 3224 411 3308 hucusque
434 3224 714 3291 animadverterit
735 3241 850 3293 nemo.
884 3225 950 3288 iam
974 3222 1130 3306 singulos

14 3311 19 3375 ἶ
83 3329 171 3400 locos
195 3331 429 3400 conferendos
454 3330 647 3423 recensebo
671 3331 830 3398 ordinem
846 3349 1014 3399 versuum
1038 3331 1130 3415 apud

18 3527 19 3533 η
84 3436 245 3509 Ovidium
263 3454 421 3509 secutus.

16 3741 593 3810 ·(Qummumm

224 3892 294 3962 ipsa
311 3893 473 3950 videbatur
493 3897 591 3949 terras
609 3897 745 3963 spectare
762 3892 887 3948 celicias

224 3989 253 4039 ot
270 3985 393 4041 concites
411 3987 542 4041 cwmure
560 4001 634 4040 suas
653 3989 825 4056 iustamque
844 3985 943 4040 vereri

185 4127 186 4130 ,
224 4076 394 4133 assilientis
412 4093 508 4149 aquae
527 4075 712 4149 timidosque
729 4079 870 4133 roduoere
884 4079 1019 4147 planias.
