3000 5168
60 723 189 772 verum
224 719 337 772 tamen
371 722 441 771 uno
475 704 554 773 loco
588 723 658 789 quo
692 704 832 788 quidem
856 703 1004 772 Nonnus
1039 723 1117 772 cum

62 811 199 880 Ovidio
224 815 392 897 congruit,
415 833 497 882 ecce
521 827 665 897 repente
688 815 841 897 quinque
866 831 990 882 zonae:

62 1027 249 1096 XXXVIII.
271 1034 342 1096 257

165 1137 246 1222 μηδὲ
267 1138 496 1204 τανυπλέκιων
518 1137 633 1203 ἑλίκων
654 1139 863 1221 πολυκαμπέι
886 1136 992 1224 δεσμῷ

168 1251 265 1313 πέντε
286 1246 502 1333 παραλλήλων
524 1248 732 1330 δεδοκημένος
753 1247 879 1328 ἄντυγα
900 1245 1022 1312 κύκλων

167 1361 295 1442 οἶστρον
316 1356 399 1438 ἔχοις
420 1361 472 1420 καὶ
497 1353 620 1422 νύσσαν
642 1354 773 1442 ὁμιηίλὲα
796 1354 922 1442 nempe
943 1354 1045 1448 ἐάσῃς.

107 1573 150 1642 ci.
175 1573 315 1643 Metam.
338 1574 375 1640 ΙΙ.
404 1579 485 1642 129:

219 1774 275 1814 neu
294 1760 343 1813 ribi
362 1760 486 1814 directos
506 1761 615 1828 placeat
632 1761 678 1814 via
696 1761 823 1829 quinque
842 1774 893 1827 per
910 1773 1004 1812 arcus.

66 1978 184 2028 norme
208 1963 352 2028 incurrit
374 1963 408 2028 in
432 1962 554 2028 oculos
570 1981 615 2029 ex
631 1961 761 2046 epyliio
778 1960 1013 2028 Alexandrino
1037 1961 1120 2026 anti·

65 2088 174 2154 quum
204 2071 300 2138 illum
333 2089 499 2140 zonarum
535 2091 720 2140 numerum
755 2092 772 2139 a
798 2085 899 2155 poeta
922 2073 956 2136 in
980 2089 1119 2139 carmen

67 2180 267 2248 translatum
292 2181 398 2249 esse?

107 2325 202 2374 nunc
235 2305 321 2374 iilud
354 2321 432 2374 ame
455 2310 571 2374 omnia
594 2309 834 2375 examinemus
867 2321 981 2374 utrum
1005 2305 1118 2374 solum

67 2415 295 2484 Phaethontis
320 2414 424 2484 iatum
443 2416 572 2501 epyllio
597 2416 891 2501 comprehensum
909 2414 1017 2483 iuisse
1041 2432 1122 2499 pro·
1213 2489 1214 2492 Ἴ

67 2521 179 2590 babile
214 2525 258 2590 sit
290 2543 332 2590 an
366 2526 483 2608 potius
507 2527 1008 2607 existimemussnarrarionem
1033 2519 1123 2590 Ovi·

68 2632 204 2701 dianam
240 2652 352 2716 usque
386 2634 429 2700 ad
461 2653 513 2700 vs.
537 2638 609 2701 400
632 2652 771 2703 omnem
808 2653 852 2701 ex
879 2633 1004 2701 eodem
1028 2630 1123 2698 fonte

69 2738 224 2809 fluxisse.
260 2739 546 2826 apud0vidium
572 2757 673 2810 tenor
697 2762 813 2810 rerum
838 2741 893 2808 hie
918 2755 984 2808 est:
1015 2732 1139 2807 Phae?

69 2849 238 2932 rhomam,
261 2849 318 2916 ubi
343 2848 486 2917 fulmine
509 2853 597 2917 ictus
621 2853 654 2917 in
678 2849 864 2917 Eridanum
889 2850 1017 2916 decidit
1034 2845 1124 2929 (94),
1155 2899 1158 2904 .

69 2958 201 3024 tumulo
225 2959 379 3026 condunt
394 2957 524 3026 Naides
541 2957 792 3042 Hesperiae-
810 2971 908 3042 pater
924 2958 1016 3024 enim
1039 2973 1123 3038 prae

70 3075 230 3134 maerore
253 3070 311 3151 pio
335 3064 450 3134 officio
474 3065 584 3135 deiuit
600 3103 638 3110 -
656 3080 689 3134 et
713 3070 924 3152 epigramma
946 3065 1122 3150 quoddam

70 3173 261 3241 inscribunt
294 3177 328 3241 in
362 3173 463 3241 busto
498 3177 583 3242 eius.
628 3192 698 3260 quo
723 3188 873 3260 reperto,
907 3187 1016 3242 mater
1039 3172 1125 3258 Cly·

72 3301 172 3351 mene
196 3303 284 3367 quae
300 3287 469 3352 carissimi
493 3283 538 3351 iiii
559 3285 736 3353 desiderio
759 3299 856 3369 capra
872 3298 979 3352 totum
1002 3284 1123 3351 orbem

72 3403 239 3459 terrarum
264 3407 506 3477 peragraverat
530 3394 667 3460 tandem
692 3393 889 3478 requiescit.
920 3393 1047 3460 deinde
1070 3413 1125 3460 se·

72 3515 223 3582 quantur
246 3502 547 3586 metamorphoses
570 3501 756 3570 Heliadum
781 3517 814 3570 er
830 3501 955 3586 Cycni.
990 3517 1124 3587 postre-

73 3625 164 3676 mum
194 3625 295 3694 poeta
323 3611 411 3678 redit
438 3611 480 3678 ad
505 3610 687 3678 Phoebum
714 3612 772 3693 qui
795 3612 854 3676 vix
885 3610 1021 3678 tandem
1046 3627 1125 3692 pre·

74 3716 169 3783 cibus
193 3718 339 3785 deorum
364 3721 519 3786 omnium
544 3732 771 3803 permovetur
793 3732 829 3786 ut
852 3737 963 3804 equos
1007 3737 1124 3785 amen-

73 3837 122 3892 tes
146 3827 281 3910 coliigat
314 3825 415 3912 arque
437 3827 645 3896 verberibus
669 3842 767 3912 cogat
800 3831 833 3896 in
858 3829 1000 3914 pristina
1025 3829 1124 3895 mini·

108 4109 164 4176 (94)
183 4108 299 4163 Metam.
318 4110 349 4163 11.
365 4111 428 4164 324.
