3000 5168
507 526 625 632 (il)

2 733 18 775 r:
38 696 260 782 morphosim
283 715 386 782 quam
409 697 542 765 scholia
565 694 601 764 G
618 695 695 780 (31)
721 696 807 764 laiso
830 697 909 765 loco
925 697 1095 765 collocant

2 843 10 887 p
38 809 175 874 omisso
208 805 383 891 supplicio
409 804 570 874 liliorum.
613 805 680 873 hoc
714 808 816 890 igitur
847 805 926 874 loco
950 825 1019 874 non
1043 819 1096 874 est

2 953 18 998 p·
39 914 187 982 dubium
221 917 304 1000 quin
337 917 640 1000 grammaticorum
673 916 757 982 vitio
791 917 826 982 in
849 918 1094 984 catasterismis

2 1064 17 1109 p
38 1022 336 1118 metamorphosis
367 1023 542 1108 Lycaonis
579 1041 648 1090 non
687 1022 827 1108 legatur.
885 1026 979 1108 quod
1016 1041 1096 1110 per·

38 1135 157 1217 spexit
193 1132 367 1201 Robertus
404 1135 463 1218 qui
497 1131 618 1200 lacuna
652 1132 798 1200 indicata
836 1146 915 1217 post
950 1145 1097 1220 κεραυνοῖ

5 1242 267 1329 Kinserendum
302 1243 452 1310 censuit:
495 1237 600 1308 αὐτόν
635 1241 671 1306 di
707 1244 752 1318 εἰς
783 1237 880 1308 λύκον
910 1241 1094 1326 μετέβαλεν.

1 1396 15 1440 p
37 1353 97 1418 cui
131 1349 279 1418 libenter
301 1353 502 1434 assentirer,
535 1351 602 1418 nisi
636 1363 827 1435 praestaret
859 1352 894 1417 in
921 1351 1094 1418 eiusmodi

1 1461 180 1550 pscriptis
204 1461 372 1529 correctis
395 1458 615 1526 librariorum
649 1461 801 1543 peccatis
834 1459 930 1544 quod
952 1460 1095 1543 perierit

1 1596 14 1660 p
37 1568 215 1652 perditum
253 1568 399 1651 ducere3
443 1567 549 1634 modo
594 1569 742 1650 periisse
782 1567 905 1635 videas
941 1567 1095 1652 quidque

4 1725 14 1771 ἢ
36 1678 209 1762 scriptum
233 1675 337 1744 luerit
359 1675 547 1759 intellegas.

1 1822 12 1882 p
82 1784 186 1852 simili
222 1797 337 1852 autem
382 1783 487 1850 modo
526 1783 735 1851 crediderim
777 1783 914 1851 mutilas
951 1783 1095 1869 Apollo-

1 1946 12 1993 t
38 1895 118 1960 dori
144 1891 222 1975 (32)
248 1892 448 1977 Hyginique
472 1890 605 1960 labulas
628 1889 772 1960 fluxisse
795 1911 815 1959 e
838 1891 1001 1976 lontibus,
1035 1893 1093 1960 ubi

1 2043 12 2102 a,
39 2002 182 2086 Lycaon
215 2020 294 2069 cum
318 1999 396 2068 filiis
419 2001 535 2069 scelus
558 2001 738 2069 admittere
771 2019 973 2085 poenasque
996 2002 1093 2070 luere

38 2109 249 2180 tradebatur.

1 2273 10 2321 t
83 2234 115 2286 at
137 2221 384 2289 revertendum
407 2233 460 2289 est
482 2220 525 2287 ad
542 2217 722 2287 Ovidium.
753 2219 853 2287 cuius
877 2217 956 2286 lons
972 2219 1091 2287 dubito

5 2389 9 2430 ;
35 2348 121 2396 num
147 2328 272 2397 melior
294 2343 328 2397 et
350 2329 555 2413 explicatior
578 2326 691 2410 luerit,
718 2330 849 2413 quippe
872 2328 965 2412 apud
988 2345 1093 2412 quem

1 2495 8 2541 s
33 2437 154 2506 scelus
177 2457 195 2506 a
218 2438 295 2506 solo
319 2436 481 2522 Lycaone
505 2450 736 2522 perpetretur,
769 2454 901 2520 poenas
935 2436 1003 2503 luat
1026 2451 1094 2504 tota

2 2619 3 2642 ¹
34 2547 180 2614 domus:

33 2763 92 2817 240
439 2761 543 2816 occidit
561 2775 618 2814 una
636 2761 742 2814 domus

37 2966 169 3033 etenim
192 2965 294 3032 exiis
316 2982 405 3047 quae
428 2976 638 3047 sequuntur:

499 3179 552 3234 sed
570 3192 629 3232 non
647 3177 753 3232 domus
772 3193 828 3234 una
847 3181 942 3248 perire

183 3263 269 3330 digna
288 3262 354 3317 luit:
373 3278 429 3332 qua
447 3271 522 3317 terra
540 3267 618 3331 patet
636 3261 697 3315 lera
715 3271 814 3331 regnat
832 3262 943 3333 Erinys,

40 3469 294 3474 .—...-.-——--—--
323 3469 462 3474 .-.-..---
482 3469 573 3474 ---.-
583 3469 1090 3476 *a———m—

70 3587 127 3657 (ar)
152 3604 179 3658 ρ.
200 3591 260 3644 123.
277 3590 323 3644 κο.

70 3691 128 3758 (32)
151 3691 180 3744 in
209 3691 383 3745 bibliotheca
417 3690 489 3744 illud
519 3691 622 3744 saltem
658 3704 744 3758 aegre
778 3690 970 3756 desideratur,
1013 3693 1090 3760 quod

34 3775 177 3841 Lycaonis
195 3775 244 3828 lilii
263 3774 401 3842 suspicati
420 3781 488 3827 sunt
505 3775 591 3844 cinopo
606 3770 736 3845 χιρνῆτην
757 3775 844 3828 istum
864 3773 985 3829 lorsitan
1004 3775 1091 3830 deum

35 3872 114 3911 esse.
141 3873 215 3926 quae
242 3859 371 3926 suspicio
397 3873 434 3912 ne
461 3858 528 3912 oriri
547 3857 664 3926 quidem
683 3859 782 3925 potuit,
809 3858 864 3911 nisi
884 3860 949 3926 ipse
967 3858 1093 3927 luppiter

35 3941 191 3995 caelestem
212 3955 295 3996 suam
315 3941 455 4009 originem
475 3942 661 4009 prodidisset,
678 3951 709 3995 ut
727 3950 771 3996 est
789 3943 864 4010 apud
883 3941 1032 3997 Ovidium:

35 4091 54 4143 1.
72 4089 128 4143 220
346 4090 436 4158 aipno
453 4089 524 4144 dedi
542 4087 659 4144 veniere
676 4090 774 4145 deum.

854 4191 873 4244 2
