3000 5168
529 506 652 612 (11)

104 679 330 762 perspicuum
352 691 405 746 est
419 676 526 746 verba
543 676 731 756 „Heliades
748 690 860 744 tamen
877 679 1116 746 nominantur“

64 789 182 855 inscite
206 804 377 856 conversa
394 805 509 855 essee
527 783 690 856 Graecis:
713 785 888 852 καλοῦνται
909 786 944 852 δὲ
962 784 1118 865 Ἡλιάδες,

65 913 318 980 perperamque
342 915 420 964 cum
445 895 736 982 praecedentibus
760 898 951 965 coniuncta.
986 915 1064 964 nam
1088 900 1116 964 si

64 1005 103 1072 ad
118 1007 373 1088 grammaticam
391 1007 560 1074 rationem
573 1005 730 1088 attendis,
746 1003 941 1090 significare
955 1007 1118 1074 videntur

65 1131 129 1180 non
153 1131 298 1180 sorores
321 1113 560 1196 Phaethontis,
588 1114 651 1182 sed
675 1133 794 1182 earum
817 1114 975 1182 lacrimas
1000 1113 1118 1182 Helia·

65 1221 122 1288 des
146 1221 336 1306 appellatas
360 1242 450 1290 esse.
487 1236 588 1308 atque
611 1224 654 1289 ita
678 1242 801 1292 revera
826 1223 993 1292 intellexit
1016 1223 1117 1290 scho-

64 1330 154 1398 liasta
177 1329 399 1400 Strozzianus
424 1330 543 1415 (121),
571 1351 675 1416 quem
699 1333 830 1400 idcirco
855 1331 1032 1418 Hyginum
1057 1352 1116 1398 ex-

65 1441 238 1524 cerpsisse
262 1454 422 1508 constare
445 1443 534 1508 inter
556 1460 679 1510 omnes
704 1441 865 1524 debebat:

103 1600 269 1660 „sorores
307 1601 449 1666 quoque
482 1581 706 1652 Phaethontis
745 1581 867 1652 flentes
900 1585 934 1650 in
971 1583 1116 1650 arbores

65 1690 212 1774 populos
247 1709 372 1758 versae
406 1689 526 1774 luisse,
558 1692 720 1760 lacrimae
753 1711 894 1778 quoque
928 1711 1046 1760 earum
1081 1695 1115 1760 in

64 1799 226 1868 electrum
265 1800 407 1868 duratae
444 1800 608 1868 dicuntur
642 1800 880 1886 Heliadesque
914 1800 1114 1886 appellatae,

6 1909 7 1984 s
65 1910 153 1992 ipsae
188 1922 304 1976 autem
339 1911 479 1976 nomina
513 1909 676 1978 habuisse
707 1910 857 1994 Merope
880 1909 983 1978 Helie
1007 1909 1114 1994 Aegle

6 2031 7 2104 j
66 2014 239 2101 Lampetie
261 2016 405 2096 Phoebe
428 2017 593 2086 Aetherie
618 2017 825 2102 Dioxippe.“

6 2197 7 2288 ᾗ
102 2164 460 2245 ergotestimonium
499 2162 706 2230 scholiastae
739 2161 928 2230 Strozziani
965 2163 1116 2232 abicien-

6 2291 7 2340 3
67 2270 230 2340 domest.

102 2407 185 2490 quid
216 2420 330 2474 autem
356 2406 544 2491 Hyginus?
568 2398 649 2474 'non
685 2426 786 2473 unam
815 2405 949 2473 fabulae
977 2405 1115 2474 confor-

6 2521 7 2608 ss
67 2518 248 2584 mationem
283 2516 398 2599 babet,
433 2531 469 2584 ut
491 2531 668 2584 asseverat
701 2516 875 2584 Robertus
900 2514 1018 2600 (122),
1051 2518 1114 2584 sed

67 2625 146 2694 duas
169 2646 318 2710 quarum
342 2628 447 2695 altera
473 2625 575 2711 (123)
600 2631 705 2711 ignoti
729 2629 909 2696 cuiusdam
933 2629 1114 2712 scriptoris

6 2743 7 2810 ᾗ
67 2732 157 2802 lusus
178 2737 293 2819 ingeni
310 2749 372 2818 est,
392 2736 497 2804 altera
516 2734 618 2820 (124)
639 2756 717 2804 cum
735 2735 988 2819 mythographo
1005 2733 1113 2802 Ovidi

6 2827 8 2912 Ξ
67 2847 241 2912 consentit.
275 2845 415 2930 quodsi
433 2859 527 2913 recte
550 2845 825 2929 observavimus,
849 2849 883 2912 in
906 2849 1112 2930 scriptorem

6 2959 7 3038 ξ
67 2950 150 3020 illius
174 2951 310 3020 iabulae
336 2973 406 3021 non
430 2957 473 3021 ita
497 2953 731 3022 invehendum
757 2967 809 3021 est
835 2968 871 3020 ut
894 2956 1009 3020 omnia
1033 2972 1114 3038 por-

6 3043 7 3126 }
66 3073 192 3130 tentosa
227 3082 266 3130 ac
300 3065 568 3147 perversissima
599 3081 678 3130 esse
702 3064 858 3130 dieamus
882 3077 939 3130 aut
961 3064 996 3129 id
1019 3063 1114 3146 quod

6 3601 8 3704 l

6 3707 7 3810 1

6 3881 8 4008 l

6 4021 8 4192 )

6 3181 7 3200 i
67 3174 209 3240 maxime
232 3192 251 3239 a
277 3172 410 3256 vulgari
444 3171 556 3239 fabula
590 3171 754 3239 abhorret
788 3186 959 3258 tamquam
994 3171 1115 3239 absur-

67 3279 221 3348 dissimas
245 3281 503 3366 interpolatoris
527 3298 634 3365 nugas
663 3283 829 3350 eiciamus
854 3279 967 3363 (125).
1012 3295 1113 3365 poeta

67 3389 152 3454 enim
175 3409 241 3457 suo
266 3392 341 3457 iure
364 3389 462 3457 finxit
484 3409 572 3474 quae
595 3389 725 3474 fingere
748 3392 815 3473 ipsi
839 3389 1008 3458 collibuit:

76 3586 982 3594 'ma—*m*-
985 3588 1111 3594 *-

94 3705 167 3771 (121)
185 3707 351 3776 Breysigp.
374 3708 432 3761 174.
455 3708 487 3761 13
499 3722 562 3776 sqq

95 3797 168 3864 (122)
186 3799 285 3854 Herm.
308 3801 424 3868 iosap.
443 3799 506 3853 435.

95 3888 169 3955 (123)
188 3889 244 3945 lab.
266 3891 351 3945 152b.

95 3979 168 4047 (124)
186 3981 244 4037 lab.
266 3983 325 4036 154

97 4071 215 4138 (125)v
231 4074 374 4158 Robertl.
392 4075 409 4128 l.
429 4075 582 4130 Knaaclrl.
601 4075 617 4128 l.
637 4091 662 4146 p
680 4076 704 4129 3.
