3000 5168
852 508 973 619 (⁴⁰)

432 687 515 771 quin
538 685 640 752 etiam
656 703 676 752 e
692 681 805 750 labula
820 682 989 768 Daphnes
1011 695 1251 767 argumentum
1274 683 1348 766 peti
1373 697 1454 766 pot·
1488 661 1489 748 Ῐ

390 809 443 863 est
468 812 538 878 quo
562 807 699 878 poetam
723 791 1015 880 mythographunr
1037 806 1196 861 secutum
1223 811 1304 860 esse
1329 805 1454 859 osten·
1488 821 1489 890 3

390 905 500 971 datur.
543 903 675 972 scilicet
714 922 816 988 quant
850 902 1023 970 Maassius
1057 900 1136 986 (84)
1170 902 1214 969 de
1246 899 1398 968 Metam.
1433 900 1454 966 l.

391 1017 462 1079 543
487 1031 562 1098 sqq.
595 1015 749 1082 tractavit
782 1015 1035 1098 quaestionem,
1068 1029 1124 1079 me
1152 1011 1294 1095 quidem
1331 1011 1454 1077 iudice

390 1136 470 1207 post
502 1121 689 1190 multorum
724 1125 841 1191 irritos
873 1122 1012 1192 labores
1045 1119 1256 1206 profligavit3
1292 1139 1454 1203 cumque

391 1234 468 1316 ipse
502 1233 583 1300 inde
605 1232 735 1317 aliquid
769 1233 813 1300 de
847 1229 943 1300 fonte
966 1227 1075 1299 Ovidi
1102 1229 1315 1298 concludere
1340 1247 1454 1313 posse

391 1339 474 1408 mihi
495 1340 627 1424 videar,
654 1359 724 1408 non
747 1359 803 1409 me
826 1339 955 1425 pigebit
977 1341 1063 1424 ipsis
1085 1338 1216 1406 Maassi
1238 1337 1363 1407 verbis
1393 1357 1452 1404 ex-

389 1451 529 1533 scriptis
552 1450 739 1518 ostendere
761 1467 909 1534 quanam
932 1447 990 1518 ille
1013 1450 1145 1516 ratione
1168 1449 1449 1515 controversiam

389 1559 603 1642 disceptarit:

435 1695 569 1772 „codex
590 1693 790 1762 Marcianus
813 1713 869 1761 vv.
892 1697 1078 1762 543-552
1103 1695 1146 1760 ita
1169 1693 1392 1776 propagavit:

545 1926 597 1980 543
614 1927 724 1982 viribus
741 1927 904 1995 absumptis
923 1927 1060 1995 expalluit
1077 1927 1126 1982 ills
1142 1927 1275 1994 citaeque

544 2009 600 2064 544
616 2013 691 2066 victa
709 2012 807 2066 labore
826 2011 921 2079 lugeo,
937 2010 1046 2078 Tellus,
1063 2011 1110 2077 tit,
1127 2011 1210 2064 hisce
1227 2010 1274 2064 vel
1292 2011 1389 2076 islant,

545 2093 601 2148 547
618 2109 676 2164 qua
692 2095 814 2150 nimium
833 2096 937 2164 placui,
955 2095 1092 2150 mutando
1110 2095 1201 2164 perde
1217 2094 1346 2162 liguram.

544 2178 599 2232 548
616 2180 663 2234 vix
681 2194 767 2248 prece
783 2179 862 2234 linita
878 2189 977 2248 torpor
994 2180 1089 2248 gravis
1107 2187 1229 2246 occupat
1248 2186 1327 2232 anns
1347 2187 1404 2232 etc.

435 2416 479 2483 ad
500 2415 758 2484 hemistichium
791 2416 936 2485 alterum
958 2435 1011 2484 vs.
1035 2421 1105 2482 544
1140 2417 1175 2483 in
1198 2433 1317 2484 rasura
1351 2434 1371 2481 a
1396 2413 1448 2480 Μι

394 2526 563 2609 scriptum
600 2524 689 2594 hanc
725 2526 885 2594 lectionis
925 2527 1126 2593 varietatem
1163 2523 1220 2591 Mi
1255 2523 1448 2591 adnotavit:

393 2642 547 2719 spectum
582 2636 746 2701 Perseidos
781 2637 909 2719 uodas;
953 2653 1020 2718 qua
1057 2633 1239 2701 substituta
1276 2646 1448 2700 structura

393 2746 613 2827 grammatica
628 2743 810 2813 laboraret.
851 2746 965 2828 itaque
989 2763 1059 2812 non
1082 2761 1222 2811 omnem
1246 2742 1449 2826 discrepan-

393 2853 474 2919 tiam
496 2852 554 2920 M2
586 2853 763 2922 addidisse
787 2873 807 2921 e
830 2854 952 2922 codice
981 2871 1046 2920 suo
1069 2852 1208 2920 videtur
1235 2850 1371 2935 (contra
1396 2850 1449 2918 Μ3

392 2963 439 3028 ita
460 2961 565 3029 scribi
588 2961 674 3030 haec
695 2962 819 3030 voluit:

620 3196 665 3252 ier
681 3205 770 3266 pater,
788 3198 889 3267 inquit,
906 3211 1002 3265 opem,
1020 3198 1045 3252 si
1063 3195 1182 3251 flumina
1200 3209 1310 3250 numen
1328 3195 1447 3249 habetis.

620 3295 694 3349 quae
712 3281 780 3336 lacit
798 3289 829 3336 ut
846 3281 950 3349 laedar,
969 3281 1107 3335 mutando
1126 3279 1215 3348 perde
1232 3278 1375 3348 figuram.)

437 3511 622 3580 utrumque
659 3497 838 3565 codicibus
875 3495 1109 3583 Amploniano
1147 3511 1180 3565 et
1216 3494 1444 3564 Laurentiano

395 3604 593 3689 exhibetur,
618 3623 742 3674 verunt
770 3625 839 3674 non
866 3611 931 3692 pro
960 3607 1055 3674 varia
1078 3609 1249 3691 scriptura
1271 3617 1443 3673 enotatunt

429 3911 487 3981 (st)
505 3873 1080 3984 ind.1ect.Grypnisw.1sst—87p.xx.
1099 3915 1134 3968 cr.
1147 3914 1178 3967 n.
1191 3913 1291 3967 herm:
1310 3913 1347 3966 oe
1359 3921 1442 3967 mea-

395 3999 592 4067 ntorphoeeon
605 3995 811 4054 Ovldlanarum
824 3999 896 4052 locis
909 3999 1015 4067 duplici
1028 3998 1201 4053 recensione
1219 3997 1341 4051 servatis
1359 3996 1443 4064 (Fest-

394 4082 496 4138 scbrllt
514 4081 559 4136 hir
575 4082 599 4150 J.
612 4080 736 4148 Vahlen)
755 4097 781 4150 p.
799 4081 855 4136 338
867 4097 931 4151 sqq.
