<?xml version="1.0" encoding="UTF-8"?>
<!DOCTYPE html PUBLIC "-//W3C//DTD XHTML 1.0 Transitional//EN"
    "http://www.w3.org/TR/xhtml1/DTD/xhtml1-transitional.dtd">
<html xmlns="http://www.w3.org/1999/xhtml" xml:lang="en" lang="en">
 <head>
  <title>
</title>
<meta http-equiv="Content-Type" content="text/html;charset=utf-8" />
  <meta name='ocr-system' content='tesseract 3.04.00' />
  <meta name='ocr-capabilities' content='ocr_page ocr_carea ocr_par ocr_line ocrx_word'/>
</head>
<body>
  <div class='ocr_page' id='page_1' title='image "./deovidimythopoe01vollgoog_0038.png"; bbox 0 0 3000 5168; ppageno 0'>
   <div class='ocr_carea' id='block_1_1' title="bbox 528 534 647 645">
    <p class='ocr_par' dir='ltr' id='par_1_1' title="bbox 528 534 647 645">
     <span class='ocr_line' id='line_1_1' title="bbox 528 534 647 645; baseline 0.042 -5"><span class='ocrx_word' id='word_1_1' title='bbox 528 534 647 645; x_wconf 81' lang='lat' dir='ltr'><strong>(tt)</strong></span> 
     </span>
    </p>
   </div>
   <div class='ocr_carea' id='block_1_2' title="bbox 56 706 1119 1104">
    <p class='ocr_par' dir='ltr' id='par_1_2' title="bbox 56 706 1119 1104">
     <span class='ocr_line' id='line_1_2' title="bbox 58 706 1119 791; baseline 0.001 -17"><span class='ocrx_word' id='word_1_2' title='bbox 58 711 130 775; x_wconf 89' lang='lat' dir='ltr'><strong>etsi</strong></span> <span class='ocrx_word' id='word_1_3' title='bbox 165 726 377 775; x_wconf 88' lang='lat' dir='ltr'><strong>consensum</strong></span> <span class='ocrx_word' id='word_1_4' title='bbox 411 709 528 791; x_wconf 88' lang='lat' dir='ltr'><strong>video,</strong></span> <span class='ocrx_word' id='word_1_5' title='bbox 561 721 674 774; x_wconf 90' lang='lat' dir='ltr'><strong>tamen</strong></span> <span class='ocrx_word' id='word_1_6' title='bbox 708 706 823 774; x_wconf 92' lang='lat' dir='ltr'><strong>nullus</strong></span> <span class='ocrx_word' id='word_1_7' title='bbox 855 707 960 775; x_wconf 90' lang='lat' dir='ltr'><strong>video</strong></span> <span class='ocrx_word' id='word_1_8' title='bbox 994 727 1057 774; x_wconf 92' lang='lat' dir='ltr'><strong>cur</strong></span> <span class='ocrx_word' id='word_1_9' title='bbox 1090 711 1119 775; x_wconf 92' lang='lat' dir='ltr'><strong>is</strong></span> 
     </span>
     <span class='ocr_line' id='line_1_3' title="bbox 56 815 1118 901; baseline 0.001 -18"><span class='ocrx_word' id='word_1_10' title='bbox 56 819 282 886; x_wconf 82' lang='lat' dir='ltr'>demonstret</span> <span class='ocrx_word' id='word_1_11' title='bbox 305 817 511 884; x_wconf 83' lang='lat' dir='ltr'><strong>Pausaniam</strong></span> <span class='ocrx_word' id='word_1_12' title='bbox 535 837 598 885; x_wconf 89' lang='lat' dir='ltr'><strong>sua</strong></span> <span class='ocrx_word' id='word_1_13' title='bbox 621 817 812 901; x_wconf 92' lang='lat' dir='ltr'><strong>Apollonio</strong></span> <span class='ocrx_word' id='word_1_14' title='bbox 835 815 976 884; x_wconf 89' lang='lat' dir='ltr'><strong>debere.</strong></span> <span class='ocrx_word' id='word_1_15' title='bbox 1011 819 1118 884; x_wconf 91' lang='lat' dir='ltr'><strong>immo</strong></span> 
     </span>
     <span class='ocr_line' id='line_1_4' title="bbox 56 905 1118 1010; baseline 0 -18"><span class='ocrx_word' id='word_1_16' title='bbox 56 905 119 994; x_wconf 74' lang='lat' dir='ltr'><strong>hi&#39;c</strong></span> <span class='ocrx_word' id='word_1_17' title='bbox 145 926 291 995; x_wconf 88' lang='lat' dir='ltr'><strong>eandem</strong></span> <span class='ocrx_word' id='word_1_18' title='bbox 315 929 458 1010; x_wconf 88' lang='lat' dir='ltr'>stirpem</span> <span class='ocrx_word' id='word_1_19' title='bbox 475 926 631 994; x_wconf 84' lang='lat' dir='ltr'><strong>traditam</strong></span> <span class='ocrx_word' id='word_1_20' title='bbox 656 928 789 1010; x_wconf 89' lang='lat' dir='ltr'><strong>accepit</strong></span> <span class='ocrx_word' id='word_1_21' title='bbox 811 943 899 1008; x_wconf 84' lang='lat' dir='ltr'><strong>quae</strong></span> <span class='ocrx_word' id='word_1_22' title='bbox 923 927 957 991; x_wconf 94' lang='lat' dir='ltr'><strong>in</strong></span> <span class='ocrx_word' id='word_1_23' title='bbox 978 927 1118 1009; x_wconf 87' lang='lat' dir='ltr'><strong>antiquo</strong></span> 
     </span>
     <span class='ocr_line' id='line_1_5' title="bbox 60 1035 544 1104; baseline 0 -2"><span class='ocrx_word' id='word_1_24' title='bbox 60 1035 161 1104; x_wconf 87' lang='lat' dir='ltr'><strong>fonte</strong></span> <span class='ocrx_word' id='word_1_25' title='bbox 184 1035 377 1104; x_wconf 88' lang='lat' dir='ltr'><strong>Pausaniae</strong></span> <span class='ocrx_word' id='word_1_26' title='bbox 400 1036 544 1104; x_wconf 84' lang='lat' dir='ltr'><strong>extabat.</strong></span> 
     </span>
    </p>
   </div>
   <div class='ocr_carea' id='block_1_3' title="bbox 55 1159 1119 1673">
    <p class='ocr_par' dir='ltr' id='par_1_3' title="bbox 55 1159 1119 1673">
     <span class='ocr_line' id='line_1_6' title="bbox 56 1159 1119 1254; baseline -0.001 -19"><span class='ocrx_word' id='word_1_27' title='bbox 56 1230 59 1235; x_wconf 88' lang='lat'>.</span> <span class='ocrx_word' id='word_1_28' title='bbox 104 1171 249 1254; x_wconf 64' lang='lat' dir='ltr'><strong>primus</strong></span> <span class='ocrx_word' id='word_1_29' title='bbox 265 1169 361 1252; x_wconf 88' lang='lat' dir='ltr'><strong>quod</strong></span> <span class='ocrx_word' id='word_1_30' title='bbox 376 1172 537 1252; x_wconf 87' lang='lat' dir='ltr'><strong>sciamus,</strong></span> <span class='ocrx_word' id='word_1_31' title='bbox 562 1159 765 1237; x_wconf 86' lang='lat' dir='ltr'><strong>Hellanicus</strong></span> <span class='ocrx_word' id='word_1_32' title='bbox 783 1159 965 1254; x_wconf 79' lang='grc' dir='ltr'><strong><em>Ἀρκαδικά</em></strong></span> <span class='ocrx_word' id='word_1_33' title='bbox 980 1171 1119 1253; x_wconf 86' lang='lat' dir='ltr'><strong>scripsit</strong></span> 
     </span>
     <span class='ocr_line' id='line_1_7' title="bbox 55 1276 1118 1363; baseline -0.002 -18"><span class='ocrx_word' id='word_1_34' title='bbox 55 1297 212 1363; x_wconf 89' lang='lat' dir='ltr'><strong>quorum</strong></span> <span class='ocrx_word' id='word_1_35' title='bbox 235 1277 423 1345; x_wconf 88' lang='lat' dir='ltr'><strong>admodum</strong></span> <span class='ocrx_word' id='word_1_36' title='bbox 447 1297 556 1362; x_wconf 91' lang='lat' dir='ltr'><strong>pauca</strong></span> <span class='ocrx_word' id='word_1_37' title='bbox 579 1277 766 1362; x_wconf 78' lang='lat' dir='ltr'><strong>fragmenta</strong></span> <span class='ocrx_word' id='word_1_38' title='bbox 789 1291 934 1345; x_wconf 89' lang='lat' dir='ltr'><strong>aetatem</strong></span> <span class='ocrx_word' id='word_1_39' title='bbox 957 1276 1118 1344; x_wconf 90' lang='lat' dir='ltr'><strong>tulerunt.</strong></span> 
     </span>
     <span class='ocr_line' id='line_1_8' title="bbox 57 1385 1119 1472; baseline -0.003 -17"><span class='ocrx_word' id='word_1_40' title='bbox 57 1387 225 1471; x_wconf 86' lang='lat' dir='ltr'><strong>equibus</strong></span> <span class='ocrx_word' id='word_1_41' title='bbox 241 1390 400 1470; x_wconf 88' lang='lat' dir='ltr'><strong>quamvis</strong></span> <span class='ocrx_word' id='word_1_42' title='bbox 420 1389 555 1472; x_wconf 85' lang='lat' dir='ltr'><strong>exiguis</strong></span> <span class='ocrx_word' id='word_1_43' title='bbox 576 1387 800 1455; x_wconf 93' lang='lat' dir='ltr'><strong>nihilominus</strong></span> <span class='ocrx_word' id='word_1_44' title='bbox 823 1385 995 1470; x_wconf 83' lang='lat' dir='ltr'><strong>colligitur</strong></span> <span class='ocrx_word' id='word_1_45' title='bbox 1009 1388 1119 1469; x_wconf 89' lang='lat' dir='ltr'><strong>scrip-</strong></span> 
     </span>
     <span class='ocr_line' id='line_1_9' title="bbox 57 1497 1117 1581; baseline -0.002 -17"><span class='ocrx_word' id='word_1_46' title='bbox 57 1512 175 1565; x_wconf 88' lang='lat' dir='ltr'><strong>torem</strong></span> <span class='ocrx_word' id='word_1_47' title='bbox 205 1498 297 1581; x_wconf 91' lang='lat' dir='ltr'><strong>apud</strong></span> <span class='ocrx_word' id='word_1_48' title='bbox 320 1497 524 1565; x_wconf 89' lang='lat' dir='ltr'><strong>Pausaniam</strong></span> <span class='ocrx_word' id='word_1_49' title='bbox 549 1497 769 1565; x_wconf 89' lang='lat' dir='ltr'><strong>Hellanicum</strong></span> <span class='ocrx_word' id='word_1_50' title='bbox 797 1516 867 1564; x_wconf 94' lang='lat' dir='ltr'><strong>non</strong></span> <span class='ocrx_word' id='word_1_51' title='bbox 890 1497 1117 1564; x_wconf 89' lang='lat' dir='ltr'><strong>subsecutum</strong></span> 
     </span>
     <span class='ocr_line' id='line_1_10' title="bbox 57 1625 153 1673; baseline -0.01 0"><span class='ocrx_word' id='word_1_52' title='bbox 57 1625 153 1673; x_wconf 91' lang='lat' dir='ltr'><strong>esse.</strong></span> 
     </span>
    </p>
   </div>
   <div class='ocr_carea' id='block_1_4' title="bbox 53 1737 1178 2702">
    <p class='ocr_par' dir='ltr' id='par_1_4' title="bbox 53 1737 1178 2702">
     <span class='ocr_line' id='line_1_11' title="bbox 105 1737 1117 1824; baseline 0 -18"><span class='ocrx_word' id='word_1_53' title='bbox 105 1738 148 1806; x_wconf 83' lang='lat' dir='ltr'><strong>cf.</strong></span> <span class='ocrx_word' id='word_1_54' title='bbox 170 1739 272 1807; x_wconf 92' lang='lat' dir='ltr'><strong>Paus.</strong></span> <span class='ocrx_word' id='word_1_55' title='bbox 295 1739 379 1807; x_wconf 90' lang='lat' dir='ltr'><strong>Vlll.</strong></span> <span class='ocrx_word' id='word_1_56' title='bbox 402 1745 435 1807; x_wconf 79' lang='lat'><strong>3.</strong></span> <span class='ocrx_word' id='word_1_57' title='bbox 459 1747 492 1824; x_wconf 85' lang='lat'><strong>4,</strong></span> <span class='ocrx_word' id='word_1_58' title='bbox 526 1740 583 1807; x_wconf 93' lang='lat' dir='ltr'><strong>ubi</strong></span> <span class='ocrx_word' id='word_1_59' title='bbox 616 1740 796 1808; x_wconf 90' lang='lat' dir='ltr'><strong>Maenalus</strong></span> <span class='ocrx_word' id='word_1_60' title='bbox 819 1739 992 1823; x_wconf 89' lang='lat' dir='ltr'><strong>Lycaonis</strong></span> <span class='ocrx_word' id='word_1_61' title='bbox 1026 1737 1117 1806; x_wconf 84' lang='lat' dir='ltr'><strong>lilius</strong></span> 
     </span>
     <span class='ocr_line' id='line_1_12' title="bbox 58 1848 1118 1934; baseline -0.003 -18"><span class='ocrx_word' id='word_1_62' title='bbox 58 1851 227 1932; x_wconf 90' lang='lat' dir='ltr'><strong>occurrit,</strong></span> <span class='ocrx_word' id='word_1_63' title='bbox 249 1868 327 1916; x_wconf 94' lang='lat' dir='ltr'><strong>cum</strong></span> <span class='ocrx_word' id='word_1_64' title='bbox 355 1849 465 1916; x_wconf 91' lang='lat' dir='ltr'><strong>schol.</strong></span> <span class='ocrx_word' id='word_1_65' title='bbox 488 1849 603 1934; x_wconf 88' lang='lat' dir='ltr'><strong>Apoll.</strong></span> <span class='ocrx_word' id='word_1_66' title='bbox 630 1848 742 1916; x_wconf 89' lang='lat' dir='ltr'><strong>Rhod.</strong></span> <span class='ocrx_word' id='word_1_67' title='bbox 765 1848 786 1914; x_wconf 92' lang='grc' dir='ltr'><strong>Ι.</strong></span> <span class='ocrx_word' id='word_1_68' title='bbox 811 1853 899 1916; x_wconf 85' lang='grc'><strong>769;</strong></span> <span class='ocrx_word' id='word_1_69' title='bbox 944 1848 1118 1924; x_wconf 78' lang='grc' dir='ltr'><strong><em>Μαίναλος</em></strong></span> 
     </span>
     <span class='ocr_line' id='line_1_13' title="bbox 57 1954 1118 2045; baseline 0 -23"><span class='ocrx_word' id='word_1_70' title='bbox 57 1958 138 2044; x_wconf 85' lang='grc' dir='ltr'><strong><em>ὅρος</em></strong></span> <span class='ocrx_word' id='word_1_71' title='bbox 155 1954 337 2043; x_wconf 79' lang='grc' dir='ltr'><strong><em>Ἀρκαδίας</em></strong></span> <span class='ocrx_word' id='word_1_72' title='bbox 357 1959 393 2024; x_wconf 75' lang='grc' dir='ltr'><strong>ἐν</strong></span> <span class='ocrx_word' id='word_1_73' title='bbox 414 1955 439 2045; x_wconf 76' lang='grc' dir='ltr'><em>ᾧ</em></span> <span class='ocrx_word' id='word_1_74' title='bbox 462 1956 481 2042; x_wconf 67' lang='grc' dir='ltr'><strong><em>ἢ</em></strong></span> <span class='ocrx_word' id='word_1_75' title='bbox 498 1955 691 2043; x_wconf 79' lang='grc' dir='ltr'><strong>Ἀταλάντη</strong></span> <span class='ocrx_word' id='word_1_76' title='bbox 712 1955 819 2038; x_wconf 72' lang='grc' dir='ltr'><strong>διῆγεν</strong></span> <span class='ocrx_word' id='word_1_77' title='bbox 845 1955 914 2023; x_wconf 78' lang='grc' dir='ltr'><strong>ἀπὸ</strong></span> <span class='ocrx_word' id='word_1_78' title='bbox 940 1955 1118 2024; x_wconf 78' lang='grc' dir='ltr'><strong><em>Μαινάλου</em></strong></span> 
     </span>
     <span class='ocr_line' id='line_1_14' title="bbox 57 2064 1115 2154; baseline 0.001 -24"><span class='ocrx_word' id='word_1_79' title='bbox 57 2065 120 2133; x_wconf 80' lang='grc' dir='ltr'><strong>τοῦ</strong></span> <span class='ocrx_word' id='word_1_80' title='bbox 139 2064 315 2152; x_wconf 78' lang='grc' dir='ltr'><strong>Ἀρκάδος,</strong></span> <span class='ocrx_word' id='word_1_81' title='bbox 336 2064 383 2143; x_wconf 68' lang='grc' dir='ltr'><strong>οἷς</strong></span> <span class='ocrx_word' id='word_1_82' title='bbox 403 2085 502 2154; x_wconf 78' lang='grc' dir='ltr'><em>φησιν</em></span> <span class='ocrx_word' id='word_1_83' title='bbox 518 2064 714 2144; x_wconf 78' lang='grc' dir='ltr'><strong><em>Ἑλλάνικος.</em></strong></span> <span class='ocrx_word' id='word_1_84' title='bbox 749 2065 791 2133; x_wconf 85' lang='lat' dir='ltr'><strong>cf.</strong></span> <span class='ocrx_word' id='word_1_85' title='bbox 814 2065 916 2134; x_wconf 83' lang='lat' dir='ltr'><strong>Paus.</strong></span> <span class='ocrx_word' id='word_1_86' title='bbox 932 2065 1018 2133; x_wconf 89' lang='lat' dir='ltr'><strong>Vlll.</strong></span> <span class='ocrx_word' id='word_1_87' title='bbox 1033 2073 1066 2132; x_wconf 88' lang='grc'><strong>4.</strong></span> <span class='ocrx_word' id='word_1_88' title='bbox 1082 2071 1115 2132; x_wconf 91' lang='lat'><strong>8:</strong></span> 
     </span>
     <span class='ocr_line' id='line_1_15' title="bbox 53 2172 1178 2264; baseline -0.003 -21"><span class='ocrx_word' id='word_1_89' title='bbox 53 2177 169 2264; x_wconf 80' lang='grc' dir='ltr'><strong>Ἀλέῳ</strong></span> <span class='ocrx_word' id='word_1_90' title='bbox 191 2177 226 2242; x_wconf 85' lang='grc' dir='ltr'><strong>δὲ</strong></span> <span class='ocrx_word' id='word_1_91' title='bbox 248 2175 376 2264; x_wconf 84' lang='grc' dir='ltr'><strong>ἄρσενες</strong></span> <span class='ocrx_word' id='word_1_92' title='bbox 396 2177 457 2259; x_wconf 80' lang='grc' dir='ltr'><strong>μὲν</strong></span> <span class='ocrx_word' id='word_1_93' title='bbox 484 2176 601 2252; x_wconf 81' lang='grc' dir='ltr'><strong><em>παῖδες</em></strong></span> <span class='ocrx_word' id='word_1_94' title='bbox 621 2174 808 2263; x_wconf 80' lang='grc' dir='ltr'><strong><em>Λυκοῦργος</em></strong></span> <span class='ocrx_word' id='word_1_95' title='bbox 839 2201 875 2240; x_wconf 83' lang='grc' dir='ltr'><strong>τε</strong></span> <span class='ocrx_word' id='word_1_96' title='bbox 905 2181 958 2240; x_wconf 86' lang='grc' dir='ltr'><strong><em>καὶ</em></strong></span> <span class='ocrx_word' id='word_1_97' title='bbox 984 2172 1116 2264; x_wconf 84' lang='grc' dir='ltr'><em>Ἀμφν-</em></span> <span class='ocrx_word' id='word_1_98' title='bbox 1176 2245 1178 2248; x_wconf 65' lang='grc'><strong>,</strong></span> 
     </span>
     <span class='ocr_line' id='line_1_16' title="bbox 58 2284 1115 2373; baseline -0.001 -22"><span class='ocrx_word' id='word_1_99' title='bbox 58 2284 168 2369; x_wconf 81' lang='grc' dir='ltr'><strong><em>δάμας</em></strong></span> <span class='ocrx_word' id='word_1_100' title='bbox 199 2288 253 2350; x_wconf 76' lang='grc' dir='ltr'><strong><em>καὶ</em></strong></span> <span class='ocrx_word' id='word_1_101' title='bbox 286 2284 426 2373; x_wconf 74' lang='grc' dir='ltr'><strong>Κηφεύς,</strong></span> <span class='ocrx_word' id='word_1_102' title='bbox 459 2303 537 2352; x_wconf 92' lang='lat' dir='ltr'><strong>cum</strong></span> <span class='ocrx_word' id='word_1_103' title='bbox 572 2284 680 2352; x_wconf 91' lang='lat' dir='ltr'><strong>schol.</strong></span> <span class='ocrx_word' id='word_1_104' title='bbox 708 2285 823 2369; x_wconf 88' lang='lat' dir='ltr'><strong>Apoll.</strong></span> <span class='ocrx_word' id='word_1_105' title='bbox 845 2284 957 2352; x_wconf 91' lang='lat' dir='ltr'><strong>Rhod.</strong></span> <span class='ocrx_word' id='word_1_106' title='bbox 983 2284 1005 2352; x_wconf 91' lang='lat'><strong>1.</strong></span> <span class='ocrx_word' id='word_1_107' title='bbox 1033 2290 1115 2352; x_wconf 82' lang='lat'><strong>162:</strong></span> 
     </span>
     <span class='ocr_line' id='line_1_17' title="bbox 58 2389 1115 2482; baseline -0.003 -21"><span class='ocrx_word' id='word_1_108' title='bbox 58 2393 120 2463; x_wconf 81' lang='grc' dir='ltr'><strong>δύο</strong></span> <span class='ocrx_word' id='word_1_109' title='bbox 142 2395 179 2460; x_wconf 80' lang='grc' dir='ltr'><strong>δέ</strong></span> <span class='ocrx_word' id='word_1_110' title='bbox 198 2399 261 2460; x_wconf 78' lang='grc' dir='ltr'><em>εἰσι</em></span> <span class='ocrx_word' id='word_1_111' title='bbox 283 2402 412 2482; x_wconf 65' lang='lat' dir='ltr'><strong>lippara,</strong></span> <span class='ocrx_word' id='word_1_112' title='bbox 436 2389 454 2460; x_wconf 85' lang='grc' dir='ltr'><strong><em>δ</em></strong></span> <span class='ocrx_word' id='word_1_113' title='bbox 479 2395 540 2477; x_wconf 81' lang='grc' dir='ltr'><strong>μὲν</strong></span> <span class='ocrx_word' id='word_1_114' title='bbox 561 2392 684 2460; x_wconf 77' lang='grc' dir='ltr'><strong>Ἀλεοῦ</strong></span> <span class='ocrx_word' id='word_1_115' title='bbox 706 2393 744 2460; x_wconf 84' lang='grc' dir='ltr'><strong>οὗ</strong></span> <span class='ocrx_word' id='word_1_116' title='bbox 764 2391 957 2480; x_wconf 81' lang='grc' dir='ltr'><em>μνημονεύει</em></span> <span class='ocrx_word' id='word_1_117' title='bbox 980 2391 1115 2461; x_wconf 79' lang='grc' dir='ltr'><strong><em>Ἀπολ-</em></strong></span> 
     </span>
     <span class='ocr_line' id='line_1_18' title="bbox 58 2499 1115 2591; baseline -0.004 -21"><span class='ocrx_word' id='word_1_118' title='bbox 58 2503 192 2582; x_wconf 75' lang='grc' dir='ltr'><strong>λώνιος,</strong></span> <span class='ocrx_word' id='word_1_119' title='bbox 215 2501 232 2570; x_wconf 88' lang='grc' dir='ltr'>ὁ</span> <span class='ocrx_word' id='word_1_120' title='bbox 257 2503 292 2568; x_wconf 81' lang='grc' dir='ltr'><strong>δὲ</strong></span> <span class='ocrx_word' id='word_1_121' title='bbox 314 2508 418 2590; x_wconf 76' lang='grc' dir='ltr'><strong><em>ἕτερος</em></strong></span> <span class='ocrx_word' id='word_1_122' title='bbox 438 2499 477 2569; x_wconf 87' lang='grc' dir='ltr'><strong>οὗ</strong></span> <span class='ocrx_word' id='word_1_123' title='bbox 498 2501 687 2589; x_wconf 79' lang='grc' dir='ltr'><em>μνημονεύει</em></span> <span class='ocrx_word' id='word_1_124' title='bbox 705 2501 897 2580; x_wconf 75' lang='grc' dir='ltr'><strong><em>Ἑλλάνικος</em></strong></span> <span class='ocrx_word' id='word_1_125' title='bbox 916 2503 952 2569; x_wconf 75' lang='grc' dir='ltr'><strong>ἐν</strong></span> <span class='ocrx_word' id='word_1_126' title='bbox 973 2501 1018 2591; x_wconf 77' lang='grc' dir='ltr'><strong>τῷ</strong></span> <span class='ocrx_word' id='word_1_127' title='bbox 1041 2506 1115 2589; x_wconf 75' lang='grc' dir='ltr'><strong>περὶ</strong></span> 
     </span>
     <span class='ocr_line' id='line_1_19' title="bbox 55 2614 250 2702; baseline -0.01 -22"><span class='ocrx_word' id='word_1_128' title='bbox 55 2614 250 2702; x_wconf 77' lang='grc' dir='ltr'><strong><em>Ἀρκαδίας.</em></strong></span> 
     </span>
    </p>
   </div>
   <div class='ocr_carea' id='block_1_5' title="bbox 59 2753 1116 3387">
    <p class='ocr_par' dir='ltr' id='par_1_5' title="bbox 59 2753 1116 3387">
     <span class='ocr_line' id='line_1_20' title="bbox 103 2753 1115 2841; baseline -0.001 -18"><span class='ocrx_word' id='word_1_129' title='bbox 103 2770 206 2840; x_wconf 88' lang='lat' dir='ltr'><strong>atque</strong></span> <span class='ocrx_word' id='word_1_130' title='bbox 248 2757 292 2824; x_wconf 91' lang='lat' dir='ltr'><strong>de</strong></span> <span class='ocrx_word' id='word_1_131' title='bbox 333 2756 438 2825; x_wconf 90' lang='lat' dir='ltr'><strong>altera</strong></span> <span class='ocrx_word' id='word_1_132' title='bbox 479 2769 576 2841; x_wconf 89' lang='lat' dir='ltr'><strong>parte</strong></span> <span class='ocrx_word' id='word_1_133' title='bbox 618 2756 742 2824; x_wconf 90' lang='lat' dir='ltr'><strong>exordi</strong></span> <span class='ocrx_word' id='word_1_134' title='bbox 784 2753 960 2822; x_wconf 90' lang='lat' dir='ltr'><strong>hactenus.</strong></span> <span class='ocrx_word' id='word_1_135' title='bbox 1018 2757 1115 2822; x_wconf 91' lang='lat' dir='ltr'><strong>tertia</strong></span> 
     </span>
     <span class='ocr_line' id='line_1_21' title="bbox 59 2864 1115 2950; baseline 0.002 -19"><span class='ocrx_word' id='word_1_136' title='bbox 59 2866 241 2932; x_wconf 89' lang='lat' dir='ltr'><strong>historiam</strong></span> <span class='ocrx_word' id='word_1_137' title='bbox 264 2866 434 2934; x_wconf 87' lang='lat' dir='ltr'><strong>Arcadiae</strong></span> <span class='ocrx_word' id='word_1_138' title='bbox 465 2865 625 2950; x_wconf 85' lang='lat' dir='ltr'><strong>perducit</strong></span> <span class='ocrx_word' id='word_1_139' title='bbox 659 2883 770 2947; x_wconf 86' lang='lat' dir='ltr'><strong>usque</strong></span> <span class='ocrx_word' id='word_1_140' title='bbox 803 2864 847 2931; x_wconf 90' lang='lat' dir='ltr'><strong>ad</strong></span> <span class='ocrx_word' id='word_1_141' title='bbox 879 2877 1024 2933; x_wconf 89' lang='lat' dir='ltr'><strong>aetatem</strong></span> <span class='ocrx_word' id='word_1_142' title='bbox 1048 2884 1115 2950; x_wconf 88' lang='lat' dir='ltr'><strong>qua</strong></span> 
     </span>
     <span class='ocr_line' id='line_1_22' title="bbox 59 2973 1116 3060; baseline -0.001 -18"><span class='ocrx_word' id='word_1_143' title='bbox 59 2975 217 3042; x_wconf 80' lang='lat' dir='ltr'><strong>Arcades</strong></span> <span class='ocrx_word' id='word_1_144' title='bbox 241 2973 395 3042; x_wconf 80' lang='lat' dir='ltr'><strong>foederis</strong></span> <span class='ocrx_word' id='word_1_145' title='bbox 418 2974 559 3042; x_wconf 82' lang='lat' dir='ltr'><strong>Achaici</strong></span> <span class='ocrx_word' id='word_1_146' title='bbox 583 2977 770 3060; x_wconf 87' lang='lat' dir='ltr'><strong>participes</strong></span> <span class='ocrx_word' id='word_1_147' title='bbox 793 2974 870 3042; x_wconf 84' lang='lat' dir='ltr'><strong>iacti</strong></span> <span class='ocrx_word' id='word_1_148' title='bbox 893 2989 983 3042; x_wconf 92' lang='lat' dir='ltr'><strong>sunt.</strong></span> <span class='ocrx_word' id='word_1_149' title='bbox 1027 2975 1116 3042; x_wconf 91' lang='lat' dir='ltr'><strong>Pau·</strong></span> 
     </span>
     <span class='ocr_line' id='line_1_23' title="bbox 59 3086 1115 3169; baseline 0.001 -19"><span class='ocrx_word' id='word_1_150' title='bbox 59 3086 175 3150; x_wconf 89' lang='lat' dir='ltr'><strong>sanias</strong></span> <span class='ocrx_word' id='word_1_151' title='bbox 199 3086 300 3168; x_wconf 86' lang='lat' dir='ltr'><strong>igitur</strong></span> <span class='ocrx_word' id='word_1_152' title='bbox 322 3103 392 3150; x_wconf 90' lang='lat' dir='ltr'><strong>non</strong></span> <span class='ocrx_word' id='word_1_153' title='bbox 417 3087 528 3168; x_wconf 86' lang='lat' dir='ltr'><strong>magni</strong></span> <span class='ocrx_word' id='word_1_154' title='bbox 551 3087 732 3168; x_wconf 88' lang='lat' dir='ltr'><strong>scriptoris</strong></span> <span class='ocrx_word' id='word_1_155' title='bbox 756 3103 875 3169; x_wconf 88' lang='lat' dir='ltr'><strong>opere,</strong></span> <span class='ocrx_word' id='word_1_156' title='bbox 908 3086 972 3153; x_wconf 92' lang='lat' dir='ltr'><strong>sed</strong></span> <span class='ocrx_word' id='word_1_157' title='bbox 1000 3087 1115 3152; x_wconf 92' lang='lat' dir='ltr'><strong>cuius-</strong></span> 
     </span>
     <span class='ocr_line' id='line_1_24' title="bbox 59 3191 1113 3280; baseline -0.002 -20"><span class='ocrx_word' id='word_1_158' title='bbox 59 3194 139 3260; x_wconf 89' lang='lat' dir='ltr'><strong>dam</strong></span> <span class='ocrx_word' id='word_1_159' title='bbox 169 3191 382 3280; x_wconf 74' lang='grc' dir='ltr'><strong><em>Ἀρκαδικοῖς</em></strong></span> <span class='ocrx_word' id='word_1_160' title='bbox 421 3213 506 3261; x_wconf 93' lang='lat' dir='ltr'><strong>usus</strong></span> <span class='ocrx_word' id='word_1_161' title='bbox 541 3213 620 3261; x_wconf 90' lang='lat' dir='ltr'><strong>esse</strong></span> <span class='ocrx_word' id='word_1_162' title='bbox 652 3194 800 3276; x_wconf 85' lang='lat' dir='ltr'><strong>videtur,</strong></span> <span class='ocrx_word' id='word_1_163' title='bbox 833 3213 922 3279; x_wconf 88' lang='lat' dir='ltr'><strong>quae</strong></span> <span class='ocrx_word' id='word_1_164' title='bbox 956 3214 975 3261; x_wconf 91' lang='lat' dir='ltr'><strong>e</strong></span> <span class='ocrx_word' id='word_1_165' title='bbox 1008 3196 1113 3260; x_wconf 90' lang='lat' dir='ltr'><strong>variis</strong></span> 
     </span>
     <span class='ocr_line' id='line_1_25' title="bbox 62 3301 564 3387; baseline 0 -18"><span class='ocrx_word' id='word_1_166' title='bbox 62 3301 217 3370; x_wconf 85' lang='lat' dir='ltr'><strong>lontibus</strong></span> <span class='ocrx_word' id='word_1_167' title='bbox 241 3305 434 3387; x_wconf 90' lang='lat' dir='ltr'><strong>composita</strong></span> <span class='ocrx_word' id='word_1_168' title='bbox 458 3317 564 3371; x_wconf 90' lang='lat' dir='ltr'><strong>erant.</strong></span> 
     </span>
    </p>
   </div>
   <div class='ocr_carea' id='block_1_6' title="bbox 57 3435 1115 4161">
    <p class='ocr_par' dir='ltr' id='par_1_6' title="bbox 57 3435 1115 4161">
     <span class='ocr_line' id='line_1_26' title="bbox 103 3435 1115 3517; baseline -0.002 -15"><span class='ocrx_word' id='word_1_169' title='bbox 103 3435 208 3503; x_wconf 83' lang='lat' dir='ltr'><strong>fontis</strong></span> <span class='ocrx_word' id='word_1_170' title='bbox 240 3435 432 3504; x_wconf 89' lang='lat' dir='ltr'><strong>Pausaniae</strong></span> <span class='ocrx_word' id='word_1_171' title='bbox 466 3451 575 3505; x_wconf 90' lang='lat' dir='ltr'><strong>aetate</strong></span> <span class='ocrx_word' id='word_1_172' title='bbox 609 3451 642 3505; x_wconf 92' lang='lat' dir='ltr'><strong>et</strong></span> <span class='ocrx_word' id='word_1_173' title='bbox 676 3437 793 3504; x_wconf 90' lang='lat' dir='ltr'><strong>indole</strong></span> <span class='ocrx_word' id='word_1_174' title='bbox 828 3435 988 3517; x_wconf 85' lang='lat' dir='ltr'><strong>definitis,</strong></span> <span class='ocrx_word' id='word_1_175' title='bbox 1021 3438 1115 3503; x_wconf 91' lang='lat' dir='ltr'><strong>testi-</strong></span> 
     </span>
     <span class='ocr_line' id='line_1_27' title="bbox 59 3545 1114 3631; baseline -0.001 -19"><span class='ocrx_word' id='word_1_176' title='bbox 59 3548 215 3613; x_wconf 92' lang='lat' dir='ltr'><strong>monium</strong></span> <span class='ocrx_word' id='word_1_177' title='bbox 239 3546 283 3613; x_wconf 90' lang='lat' dir='ltr'><strong>de</strong></span> <span class='ocrx_word' id='word_1_178' title='bbox 299 3545 461 3629; x_wconf 85' lang='lat' dir='ltr'><strong>Lycaone</strong></span> <span class='ocrx_word' id='word_1_179' title='bbox 484 3565 550 3614; x_wconf 92' lang='lat' dir='ltr'><strong>suo</strong></span> <span class='ocrx_word' id='word_1_180' title='bbox 574 3549 685 3631; x_wconf 87' lang='lat' dir='ltr'><strong>pretio</strong></span> <span class='ocrx_word' id='word_1_181' title='bbox 709 3549 894 3613; x_wconf 87' lang='lat' dir='ltr'><strong>aestimare</strong></span> <span class='ocrx_word' id='word_1_182' title='bbox 914 3564 1114 3630; x_wconf 88' lang='lat' dir='ltr'><strong>possumus,</strong></span> 
     </span>
     <span class='ocr_line' id='line_1_28' title="bbox 58 3654 1114 3739; baseline -0.003 -16"><span class='ocrx_word' id='word_1_183' title='bbox 58 3656 253 3723; x_wconf 92' lang='lat' dir='ltr'><strong>dummodo</strong></span> <span class='ocrx_word' id='word_1_184' title='bbox 276 3674 365 3739; x_wconf 86' lang='lat' dir='ltr'><strong>quae</strong></span> <span class='ocrx_word' id='word_1_185' title='bbox 380 3655 568 3722; x_wconf 87' lang='lat' dir='ltr'><strong>Pausanias</strong></span> <span class='ocrx_word' id='word_1_186' title='bbox 591 3656 635 3722; x_wconf 90' lang='lat' dir='ltr'><strong>de</strong></span> <span class='ocrx_word' id='word_1_187' title='bbox 658 3674 725 3722; x_wconf 91' lang='lat' dir='ltr'><strong>suo</strong></span> <span class='ocrx_word' id='word_1_188' title='bbox 748 3654 803 3722; x_wconf 92' lang='lat' dir='ltr'><strong>hic</strong></span> <span class='ocrx_word' id='word_1_189' title='bbox 826 3655 894 3722; x_wconf 89' lang='lat' dir='ltr'><strong>illic</strong></span> <span class='ocrx_word' id='word_1_190' title='bbox 918 3657 1114 3738; x_wconf 87' lang='lat' dir='ltr'><strong>inseruerit,</strong></span> 
     </span>
     <span class='ocr_line' id='line_1_29' title="bbox 57 3763 1114 3833; baseline -0.003 -1"><span class='ocrx_word' id='word_1_191' title='bbox 57 3779 217 3832; x_wconf 88' lang='lat' dir='ltr'><strong>accurate</strong></span> <span class='ocrx_word' id='word_1_192' title='bbox 250 3764 482 3833; x_wconf 88' lang='lat' dir='ltr'><strong>secludamus.</strong></span> <span class='ocrx_word' id='word_1_193' title='bbox 526 3767 608 3832; x_wconf 91' lang='lat' dir='ltr'><strong>satis</strong></span> <span class='ocrx_word' id='word_1_194' title='bbox 641 3779 755 3832; x_wconf 88' lang='lat' dir='ltr'><strong>autem</strong></span> <span class='ocrx_word' id='word_1_195' title='bbox 789 3779 908 3832; x_wconf 91' lang='lat' dir='ltr'><strong>notum</strong></span> <span class='ocrx_word' id='word_1_196' title='bbox 942 3778 994 3832; x_wconf 93' lang='lat' dir='ltr'><strong>est</strong></span> <span class='ocrx_word' id='word_1_197' title='bbox 1026 3763 1114 3830; x_wconf 91' lang='lat' dir='ltr'><strong>Pau·</strong></span> 
     </span>
     <span class='ocr_line' id='line_1_30' title="bbox 58 3873 1111 3963; baseline 0.003 -25"><span class='ocrx_word' id='word_1_198' title='bbox 58 3875 176 3940; x_wconf 89' lang='lat' dir='ltr'><strong>saniae</strong></span> <span class='ocrx_word' id='word_1_199' title='bbox 196 3875 229 3939; x_wconf 94' lang='lat' dir='ltr'><strong>in</strong></span> <span class='ocrx_word' id='word_1_200' title='bbox 253 3874 386 3941; x_wconf 89' lang='lat' dir='ltr'><strong>deliciis</strong></span> <span class='ocrx_word' id='word_1_201' title='bbox 410 3873 519 3963; x_wconf 78' lang='lat' dir='ltr'><strong>fuisse</strong></span> <span class='ocrx_word' id='word_1_202' title='bbox 541 3877 726 3958; x_wconf 87' lang='lat' dir='ltr'><strong>anquirere</strong></span> <span class='ocrx_word' id='word_1_203' title='bbox 750 3889 782 3942; x_wconf 89' lang='lat' dir='ltr'><strong>et</strong></span> <span class='ocrx_word' id='word_1_204' title='bbox 805 3876 969 3943; x_wconf 85' lang='lat' dir='ltr'><strong>dirimere</strong></span> <span class='ocrx_word' id='word_1_205' title='bbox 985 3874 1111 3959; x_wconf 85' lang='lat' dir='ltr'><strong>quibus</strong></span> 
     </span>
     <span class='ocr_line' id='line_1_31' title="bbox 57 3981 1111 4069; baseline 0.004 -21"><span class='ocrx_word' id='word_1_206' title='bbox 57 3986 148 4050; x_wconf 89' lang='lat' dir='ltr'><strong>inter</strong></span> <span class='ocrx_word' id='word_1_207' title='bbox 171 3981 302 4050; x_wconf 90' lang='lat' dir='ltr'><strong>iabulas</strong></span> <span class='ocrx_word' id='word_1_208' title='bbox 325 3982 411 4051; x_wconf 87' lang='lat' dir='ltr'><strong>fides</strong></span> <span class='ocrx_word' id='word_1_209' title='bbox 435 3983 604 4067; x_wconf 87' lang='lat' dir='ltr'><strong>habenda,</strong></span> <span class='ocrx_word' id='word_1_210' title='bbox 630 4003 719 4067; x_wconf 87' lang='lat' dir='ltr'><strong>quae</strong></span> <span class='ocrx_word' id='word_1_211' title='bbox 743 4003 823 4069; x_wconf 89' lang='lat' dir='ltr'><strong>pars</strong></span> <span class='ocrx_word' id='word_1_212' title='bbox 851 3999 968 4052; x_wconf 90' lang='lat' dir='ltr'><strong>contra</strong></span> <span class='ocrx_word' id='word_1_213' title='bbox 993 3997 1111 4068; x_wconf 91' lang='lat' dir='ltr'><strong>utpote</strong></span> 
     </span>
     <span class='ocr_line' id='line_1_32' title="bbox 58 4090 595 4161; baseline 0.006 -5"><span class='ocrx_word' id='word_1_214' title='bbox 58 4090 272 4158; x_wconf 88' lang='lat' dir='ltr'><strong>incredibilis</strong></span> <span class='ocrx_word' id='word_1_215' title='bbox 295 4093 469 4161; x_wconf 87' lang='lat' dir='ltr'><strong>reicienda</strong></span> <span class='ocrx_word' id='word_1_216' title='bbox 492 4107 595 4160; x_wconf 88' lang='lat' dir='ltr'><strong>esset.</strong></span> 
     </span>
    </p>
   </div>
   <div class='ocr_carea' id='block_1_7' title="bbox 0 0 1504 5168">
    <p class='ocr_par' dir='ltr' id='par_1_7' title="bbox 0 0 1504 5168">
     <span class='ocr_line' id='line_1_33' title="bbox 0 0 1504 5168; baseline 0 0"><span class='ocrx_word' id='word_1_217' title='bbox 0 0 1504 5168; x_wconf 95' lang='lat' dir='ltr'><strong> </strong></span> 
     </span>
    </p>
   </div>
  </div>
 </body>
</html>
