3000 5168
865 545 985 650 (⁶⁶)

400 714 649 784 sacrificantem
674 714 762 797 fucit,
795 733 883 800 quae
918 735 998 783 eum
1022 717 1217 800 praesentia
1253 731 1286 783 et
1309 716 1438 784 consilio

400 825 587 892 adiuverat.
618 841 701 910 ergo
717 823 945 893 differentiam
963 827 1123 909 quamvis
1139 824 1350 893 levissimum
1367 829 1441 892 inter

400 936 590 1018 scriptores
606 934 822 1002 intercedere
838 937 1030 1016 statuimus,
1053 936 1129 1000 sive
1146 931 1299 1000 Ovidius
1323 934 1387 1000 hoc
1401 937 1440 1000 in-

401 1045 535 1110 novarit
557 1045 631 1109 sive
655 1042 803 1110 Nonnus
827 1045 923 1109 initio
946 1041 1071 1109 libriV
1094 1043 1169 1109 uiiis
1193 1041 1345 1110 fontibus
1369 1062 1440 1108 usus

400 1156 443 1220 sit
465 1167 567 1236 atque
590 1155 623 1219 in
646 1151 714 1220 fine
737 1151 814 1218 libri
837 1152 1089 1236 praecedentis.

440 1396 580 1464 Metam.
604 1395 655 1462 111.
679 1401 741 1463 49:

600 1539 654 1592 hos
673 1547 755 1592 necat
773 1538 873 1592 adflatu
892 1537 1000 1592 funesti
1019 1539 1084 1591 tabe
1102 1539 1208 1591 veneni

440 1707 555 1774 Nonn.
579 1705 633 1774 IV.
657 1711 744 1775 370:

662 1853 715 1916 καὶ
737 1847 864 1935 χλωρόν
887 1847 1042 1934 ἆνῇρυγεν
1063 1847 1173 1938 ἆφρόν
1194 1847 1345 1914 ὀδόντων

499 1964 544 2036 εἷς
564 1960 663 2041 δέμας
683 1959 820 2044 ἠιθέοιο.

443 2210 475 2263 et
497 2196 589 2279 apud
613 2193 781 2263 Ovidium
806 2209 839 2261 et
861 2177 1135 2278 cpud'Nonnum
1152 2191 1311 2262 Cadmus
1334 2191 1443 2260 molari

401 2324 440 2372 ac
473 2305 599 2372 deinde
633 2303 727 2371 ferto
761 2317 960 2388 serpentem
984 2303 1191 2387 aggreditur,
1225 2321 1304 2370 cum
1331 2301 1386 2368 alii
1407 2299 1444 2364 la·

400 2414 490 2498 pide,
516 2413 571 2480 ulii
594 2413 707 2497 gladio
731 2432 810 2479 eum
835 2429 1008 2498 pugnasse
1032 2426 1232 2481 narrassent
1256 2410 1371 2495 (141).

439 2658 578 2724 Metam.
602 2655 653 2723 111.
676 2662 721 2723 77
739 2675 828 2740 ερρε

498 2792 562 2858 ipse
580 2790 667 2845 modo
685 2791 862 2844 immensum
882 2791 968 2858 spiris
988 2789 1162 2844 incientibus
1179 2790 1282 2844 orbem

497 2875 627 2942 cingitur,
646 2875 790 2928 interdum
810 2875 895 2942 ionga
912 2876 991 2929 trube
1010 2875 1114 2929 rectior
1132 2882 1205 2928 astat
1225 2912 1232 2926 .
1252 2912 1259 2927 .
1278 2913 1284 2925 .

396 2985 429 3038 81
498 2983 573 3036 cedit
592 2981 771 3050 Agenorides
791 2983 907 3050 paulum
926 2982 1080 3049 spolioque
1098 2981 1192 3036 leonis

497 3067 620 3120 sustinet
642 3068 786 3120 incursus.

433 3237 467 3244 ....
472 3238 598 3244 ....-.—
772 3238 778 3242 .
801 3232 1443 3244 M—-ffl———d

398 3318 546 3405 oraculum
566 3351 594 3403 in
613 3351 703 3404 schol.
724 3350 787 3402 Eur.
807 3350 914 3402 Phoen.
932 3351 999 3404 638:
1029 3350 1073 3414 riv
1093 3350 1144 3419 μὲν
1165 3354 1252 3402 intutu
1273 3348 1445 3421 petapqitip

399 3436 492 3487 Χθονί
510 3435 601 3506 ῥέζειν.

431 3534 506 3603 (141)
525 3536 615 3590 schol.
634 3535 698 3589 Eur.
718 3535 825 3589 Phoen.
843 3535 898 3588 662
924 3533 938 3587 ὁ
958 3535 1009 3606 μὲν
1033 3529 1081 3586 οὖν
1100 3531 1259 3593 ‘moluntur
1282 3538 1352 3604 λίθῳ
1375 3530 1446 3602 φἰμιὶν

398 3620 632 3691 inaequitatem
649 3614 790 3690 δράκοντα,
808 3617 822 3670 ὁ
839 3618 867 3670 tii
882 3615 1036 3688 Φερεκύδης
1048 3621 1127 3689 ξίφει.
1146 3617 1211 3671 Eur.
1224 3617 1336 3672 Phoen.
1346 3615 1400 3670 662
1409 3628 1446 3680 sq.

398 3702 429 3756 iv
447 3705 490 3755 ini
505 3705 634 3774 χέρνιβας
650 3702 746 3774 μολών
765 3699 881 3772 Κάδμος
899 3701 978 3756 ὤλεσε
993 3703 1139 3776 μαρμάρῳ.
1174 3702 1202 3756 in
1221 3702 1352 3756 vasculis
1371 3698 1445 3769 pictis

399 3802 515 3858 quoque
533 3785 662 3841 Cadmus
684 3796 733 3841 aut
750 3787 844 3854 lapide
866 3795 973 3854 pugnat
1000 3786 1035 3853 (v.
1054 3785 1247 3854 Furtwingler
1265 3785 1408 3838 Mdrzsitz.
1424 3781 1446 3832 d.

399 3873 432 3925 Α.
450 3870 521 3926 Ges.
542 3871 607 3925 1891
637 3871 670 3923 D.
684 3870 712 3924 L.
724 3871 754 3923 Z.
776 3870 857 3937 1891,
877 3868 941 3935 471)
968 3879 1016 3923 aut
1044 3869 1120 3923 ferro
1148 3869 1184 3936 (e.
1201 3884 1227 3936 g.
1246 3869 1335 3938 antiq.
1360 3865 1445 3920 Betui.

396 3955 490 4022 2634).
525 3969 646 4024 quorum
672 3955 837 4008 testimonia
863 3955 892 4007 in
919 3955 967 4008 tali
994 3968 1025 4007 re
1053 3953 1144 4008 fateor
1170 3955 1249 4020 parvi
1276 3950 1447 4007 aestimanda

398 4047 474 4106 esse,
500 4055 566 4094 cum
586 4039 715 4093 Cadmus
734 4039 828 4105 lapide
855 4047 883 4091 et
909 4038 985 4091 ierro
1013 4039 1100 4091 simul
1128 4051 1260 4105 pugnans
1288 4039 1368 4104 pingi
1395 4047 1444 4086 non

398 4133 505 4193 posset.
