3000 5168
866 435 965 542 (ὅ)

391 607 644 677 immedicabile
655 607 783 676 vulnus
796 627 881 676 ense
897 609 1055 676 recidere
1072 606 1290 691 lerreamque
1311 607 1464 690 prolem

392 733 559 800 superum
584 719 868 801 contemptricem
903 736 969 802 qua
999 731 1107 784 totum
1131 717 1270 784 Nereus
1293 719 1489 783 circum-r

392 839 492 892 sonat
513 823 634 892 orbem
658 825 723 892 sub
744 825 847 893 undis
870 826 1019 910 perdere
1043 826 1208 894 decemin
1238 823 1462 891 Deucalioni

391 952 470 1001 cum
505 935 652 1018 coniuge
685 933 819 1018 Pyrrha
852 935 937 1002 solis
970 934 1215 1018 superstitibus
1248 952 1335 1001 esse
1376 952 1465 1000 con·

393 1046 508 1127 tinget.

436 1149 570 1219 fabulae
604 1169 674 1219 non
708 1155 827 1236 paucis
860 1167 988 1220 tantum
1020 1153 1165 1220 eruditis
1198 1149 1413 1218 hominibus
1443 1170 1460 1217 e

393 1259 725 1345 mythographorum
759 1261 914 1346 reliquiis
937 1265 1092 1346 cognitae
1119 1262 1183 1329 sed
1206 1263 1305 1328 cuius
1333 1263 1460 1326 notitia

393 1388 458 1454 per
492 1373 724 1454 gratissimum
763 1386 899 1455 poetam
940 1373 1100 1456 peruenit
1135 1371 1178 1438 ad
1215 1387 1459 1454 unumquem-

393 1497 461 1563 que
506 1493 539 1546 et
583 1497 861 1565 unamquamque
897 1498 976 1548 cum
1021 1499 1103 1548 cura
1146 1482 1181 1546 in
1219 1477 1356 1546 iontem
1407 1481 1458 1544 in·

394 1589 534 1674 quirere
570 1591 604 1656 in
643 1591 757 1656 animo
795 1604 857 1672 est,
901 1609 971 1674 quo
1008 1590 1233 1674 dispiciamus
1270 1585 1454 1655 rel'eratne

394 1715 517 1766 revera
540 1697 729 1766 Arcadicae
752 1697 886 1767 fabulae
920 1703 1086 1783 integram
1119 1713 1221 1783 atque
1258 1699 1455 1780 genuinum

393 1807 549 1890 speciem
572 1823 693 1873 necne.

435 1914 561 1982 obiciat
583 1914 666 1981 mihi
688 1915 812 2000 aliquis
828 1911 998 1982 Ovidium
1022 1929 1055 1981 et
1077 1914 1207 1981 hancce
1230 1912 1398 1980 fabellam
1423 1923 1455 1978 et

393 2024 476 2092 alias
499 2040 609 2108 acque
636 2037 773 2108 apertas
806 2043 845 2092 ac
877 2023 1055 2108 simplices
1088 2023 1178 2092 bene
1212 2022 1338 2088 multas
1376 2024 1453 2088 sine

394 2131 465 2200 ullo
488 2134 618 2216 scripto
652 2131 747 2201 fonte
770 2136 973 2202 memoriter
994 2150 1174 2217 exponere
1197 2134 1371 2216 potuisse.
1420 2143 1454 2194 ut
1486 2165 1487 2202 r

394 2241 582 2310 concedam
617 2245 773 2326 potuisse
806 2277 847 2287 -
880 2261 958 2309 nam
992 2260 1106 2326 neque
1139 2241 1213 2308 aliis
1246 2239 1335 2306 locis
1373 2256 1453 2323 per·

395 2349 510 2418 multis
534 2369 648 2437 neque
671 2353 705 2418 in
728 2350 900 2436 Lycaonis
923 2349 1036 2419 fabula
1065 2352 1201 2417 invictis
1234 2349 1449 2432 argumentis

395 2459 624 2528 demonstrari
648 2473 763 2545 potest
786 2473 909 2546 poetae
932 2460 1132 2528 auxiliarem
1156 2458 1281 2526 librum
1305 2469 1450 2542 praesto

395 2567 503 2638 lulsse
526 2603 566 2615 -
589 2569 753 2637 addubito
777 2583 889 2637 tamen
914 2587 996 2636 num
1020 2568 1149 2637 lecerit.
1193 2581 1267 2635 utut
1289 2581 1354 2649 est,
1380 2583 1449 2633 non
1486 2547 1488 2596 ³

396 2677 540 2746 multum
564 2681 717 2747 interest.
761 2681 907 2746 sienim
941 2681 1029 2746 inter
1062 2677 1286 2745 scribendum
1310 2674 1451 2760 mytho·

395 2785 563 2873 graphum
588 2801 644 2854 aut
667 2800 803 2871 poetam
837 2786 1045 2873 aliquotiens
1079 2787 1121 2853 ad
1155 2804 1294 2853 manum
1328 2783 1449 2852 habuit
1486 2736 1488 2820 1

396 2897 582 2978 neminem,
605 2899 772 2964 memoria
806 2896 942 2964 tenebat
975 2895 1126 2980 singulas
1161 2893 1292 2962 fabulas
1326 2892 1448 2978 quales
1485 2924 1488 3007 q

396 3024 413 3072 a
445 3003 705 3090 mythographls
739 3008 897 3090 poetisve
925 3019 1115 3088 acceperat.
1160 3002 1291 3071 scilicet
1315 3002 1448 3070 Romae

395 3115 616 3198 graecanicae
639 3112 773 3182 fabulae
797 3133 865 3182 non
890 3127 986 3182 erant
1009 3117 1042 3181 in
1066 3132 1127 3181 ore
1151 3112 1253 3198 vulgi.
1486 3119 1488 3197 l

438 3221 623 3290 concillum
658 3223 819 3306 deorum,
857 3227 920 3292 etsi
959 3223 1057 3291 locus
1091 3223 1171 3290 inde
1211 3222 1252 3290 ab
1287 3221 1447 3288 Homero

395 3331 530 3399 vatibus
555 3334 652 3400 tritus
676 3347 776 3418 atque
800 3335 995 3400 communis
1019 3331 1090 3415 luit,
1123 3350 1188 3398 suo
1212 3349 1310 3398 more
1333 3345 1445 3397 tamen
1486 3314 1488 3375 l

397 3439 570 3509 rhetorice
603 3443 784 3510 exornavit
817 3456 918 3526 poeta
949 3441 1127 3509 Romanus
1162 3443 1225 3507 tlec
1259 3438 1446 3523 quidquam
1486 3515 1487 3540 χ

397 3551 486 3618 inter
523 3545 682 3620 Graecae
726 3567 877 3636 poeseos
922 3550 1085 3635 reliquias
1129 3551 1280 3617 occurrit
1324 3545 1445 3615 simile.

397 3677 504 3744 quare
537 3657 640 3727 huius
674 3673 767 3728 certe
801 3657 936 3728 labulae
966 3662 1071 3744 partis
1095 3660 1357 3727 exornationem
1381 3655 1444 3739 ipsi

397 3769 573 3852 assignare
615 3785 718 3837 nemo
760 3766 858 3836 facile
899 3767 1074 3836 dubitabit.
1136 3767 1225 3835 adde
1262 3765 1356 3850 quod
1393 3763 1444 3829 bis

398 3889 576 3960 praeterea
600 3894 716 3944 rerum
740 3875 973 3944 Romanarum
997 3879 1125 3945 mentio
1150 3878 1300 3942 inicitur:

441 3983 462 4052 1.
489 3989 553 4052 175
578 3985 683 4053 aedes
707 3983 798 4052 lovis
822 3985 982 4053 dicuntur
1004 3984 1128 4053 Palatia
1153 3984 1247 4052 caeli.
