3000 5168
521 524 535 630 l
560 527 639 632 ll)

59 699 169 782 prdem
194 697 359 784 neglectis
393 701 434 766 iis
458 717 546 784 quse
569 697 652 766 olim
686 700 720 765 in
744 696 900 767 Hercule
923 700 1106 766 cecinisset

61 808 199 878 Martem
223 810 289 880 iam
317 823 387 876 non
411 807 516 876 modo
540 807 618 876 loco
641 809 806 890 movisse,
840 807 905 878 sed
937 809 1039 880 etiam
1072 809 1106 874 in

61 919 242 988 contrarias
277 931 393 1003 partes
426 917 523 985 abire
546 920 703 1000 iussisse,
735 917 824 986 adeo
848 930 884 986 ut
905 930 1105 1003 serpentem

60 1026 215 1095 Martium
250 1024 379 1095 laceret
403 1023 517 1110 (177),
551 1045 590 1094 ac
613 1044 657 1094 ne
679 1039 752 1093 tum
784 1026 925 1111 quidem
948 1024 1108 1111 pluribus
1138 1095 1141 1100 ,

58 1134 169 1204 verbis
193 1136 334 1220 dignum
359 1149 500 1220 putasse
516 1148 634 1220 utpote
651 1135 755 1204 deum
779 1137 837 1220 qul
857 1135 950 1220 apud
965 1133 1108 1204 Atheni·

59 1263 157 1313 enses
192 1262 261 1312 non
286 1245 394 1312 multo
417 1245 552 1313 honore
576 1243 761 1314 frueretur.
804 1245 899 1329 quod
927 1243 1010 1312 mibi
1033 1246 1108 1329 qui·

7 1439 8 1442 Ἴ
58 1354 132 1422 dem
156 1371 227 1421 non
243 1356 428 1439 persuasit,
451 1372 529 1421 cum
546 1367 579 1422 et
595 1367 727 1424 temere
742 1367 856 1422 sumar
870 1354 964 1438 opud
978 1351 1109 1421 Phere-

57 1462 177 1545 cydem
201 1476 235 1530 et
257 1461 477 1531 Hellanicum
501 1462 648 1531 Martem
672 1483 690 1532 a
713 1463 869 1549 partibus
891 1460 1017 1534 Cadmi
1040 1476 1109 1532 ste·

7 1577 8 1608 ³
60 1573 138 1639 risse
161 1583 196 1639 et
217 1573 361 1640 omnino
377 1573 617 1657 quaestionem
641 1570 898 1657 angustioribus
920 1590 1022 1656 quam
1047 1590 1110 1657 par

57 1695 124 1748 erat
146 1677 273 1747 linibus
289 1680 560 1749 circumscribat.
597 1681 722 1766 quodsi
747 1681 1010 1749 consideramus
1026 1694 1109 1765 quot

56 1793 243 1874 scriptores
256 1804 395 1875 praeter
410 1807 541 1875 paucos
558 1790 645 1874 illos,
661 1808 811 1875 quorum
824 1792 952 1874 scripta
964 1803 1107 1858 aetatem

56 1899 213 1983 tulerunt,
238 1896 364 1970 Cadmi
381 1898 530 1968 fabulam
551 1899 744 1968 illustrasse
767 1912 1039 1968 consentaneum
1056 1901 1109 1980 sit,

56 2009 136 2092 quid
160 2022 214 2078 est
237 2028 300 2077 cur
321 2007 524 2094 Euripidem
548 2007 615 2076 boc
639 2010 816 2077 invenisse
839 2007 1109 2077 existimemus?

54 2136 134 2186 sane
159 2119 291 2202 siquis
315 2119 406 2186 dicat
426 2117 629 2203 Euripidem
653 2117 739 2186 haec
762 2120 877 2186 omnia
900 2118 1022 2186 tradita
1054 2135 1111 2184 ac-

55 2229 203 2311 cepisse,
226 2228 261 2294 in
276 2245 412 2295 summa
428 2229 707 2296 testimoniorum
724 2229 870 2312 penuria
893 2245 937 2295 ne
952 2227 1020 2297 hoc
1035 2228 1111 2311 qui·

55 2336 132 2404 dem
157 2336 400 2404 demonstrare
415 2339 551 2422 poterit.
596 2336 680 2421 quid
702 2336 814 2422 ergo?
859 2355 898 2404 ea
921 2352 1111 2419 sequamur

54 2464 140 2529 quae
164 2444 356 2530 probabilia
380 2464 459 2513 esse
482 2445 654 2514 videntur.
684 2462 748 2530 ego
765 2445 884 2514 saltem
902 2461 1109 2530 quamquam

53 2554 164 2639 probe
198 2557 272 2623 scio
307 2573 408 2640 quam
439 2555 584 2624 licenter
609 2557 766 2639 antiquas
799 2552 932 2622 fabulas
966 2567 1111 2622 tractore

53 2663 163 2734 soleat
185 2662 382 2749 Euripides,
415 2663 626 2749 ubicumque
660 2683 719 2732 eas
752 2663 795 2730 ad
829 2660 915 2732 lines
949 2680 1034 2730 suos
1056 2681 1112 2729 ac-

53 2772 280 2841 commodare
302 2773 397 2856 velit,
419 2775 566 2840 mirarer
598 2775 627 2840 si
661 2774 695 2839 in
719 2772 786 2840 hoc
810 2773 943 2839 catrtico
968 2788 1111 2855 compo-

52 2881 171 2950 nendo
195 2882 351 2956 traditam
376 2879 525 2950 fabulam
549 2883 625 2950 sine
659 2880 727 2948 ulla
755 2881 961 2948 necessitate
987 2881 1112 2947 immu'·

52 3004 169 3059 casser.
203 3005 418 3076 quapropter
440 2993 469 3058 si
492 2989 701 3075 Apollonius
724 2989 882 3058 Rhodius
905 2987 1112 3056 bibliotheca

51 3099 263 3184 Apollodori
287 3097 440 3170 Ovidius
463 3099 612 3167 Nonnus
636 3117 714 3167 cum
738 3097 904 3182 Euripide
927 3097 970 3165 de
990 3096 1112 3165 Martis

52 3224 85 3276 et
100 3208 287 3278 Minervae
302 3209 458 3295 partibus
474 3209 690 3293 aliquatenus
713 3209 943 3290 consentiunt,
966 3207 1060 3288 inde,
1082 3209 1112 3273 si

52 3336 110 3386 me
133 3317 246 3401 audis,
269 3337 348 3386 cum
366 3315 515 3403 Spirone
539 3317 750 3386 concludere
774 3336 845 3385 non
868 3315 947 3384 licet
970 3333 1033 3384 eos
1048 3315 1112 3383 hac

53 3446 99 3493 ex
117 3439 216 3511 parte
240 3446 285 3494 ex
306 3425 474 3512 Euripide
497 3427 666 3512 pendere.
710 3427 796 3496 haec
818 3439 933 3494 autem
956 3425 1000 3493 dc
1016 3423 1114 3491 Euri-

51 3535 146 3618 pidis
170 3548 204 3603 et
226 3533 387 3620 Spironis
410 3538 579 3604 sententis
602 3535 704 3604 nobis
727 3533 908 3604 sufficiant.

95 3657 205 3712 restat
232 3658 268 3712 ut
291 3643 444 3712 Eduardi
471 3643 659 3713 Schwartzi
687 3641 926 3728 Quaestiones
949 3641 1113 3710 Herodo-

52 3765 126 3820 teas
152 3749 256 3836 (178)
291 3770 565 3822 commemorem
589 3752 647 3821 ubi
680 3753 895 3837 gravissimis
927 3751 1111 3819 momentis

84 3999 164 4070 (177)
183 4001 293 4058 Phoen.
309 4002 366 4057 057
383 4002 495 4075 δράκων
507 4001 621 4076 'Apros

85 4090 166 4160 (178)
185 4093 242 4148 ind.
262 4094 326 4149 lect.
345 4093 481 4149 Rostocb.
501 4091 580 4149 1890.
