3000 5168
528 544 647 651 tlt)

66 719 169 786 dem?
192 721 322 786 itemne
349 736 393 784 ex
416 715 582 801 Euripide
605 715 754 800 pendeat
776 714 981 783 scholiastes
998 711 1117 797 Odys-

66 846 143 895 seae
168 824 272 911 (130)
296 828 355 912 qui
379 825 470 909 dicit,
503 839 687 910 postquam
712 825 755 892 de
779 821 953 908 Clymene
975 822 1116 907 Minyae

66 935 129 1003 filia
153 954 272 1004 sermo
296 934 372 1002 luit:
402 935 481 1001 ἔνιοι
503 935 538 1000 δὲ
559 929 661 1019 αὗτὴν
681 930 740 1019 τὴν
762 933 929 1018 Κλυμένην
950 955 1117 1020 προγαμη-

65 1043 166 1129 θῆναι(
188 1062 290 1132 φασιν
312 1041 409 1132 Ἡλίῳ
437 1042 473 1128 (1.
497 1063 526 1112 e.
549 1043 637 1111 hanc
664 1042 756 1110 illam
787 1041 895 1111 luisse
919 1039 1116 1126 Clymenen

66 1171 151 1237 quae
171 1155 374 1237 priusquam
390 1152 530 1237 Meropi
547 1152 704 1235 nuberet,
726 1149 799 1220 Soli
819 1149 1011 1236 nupsisset)
1035 1151 1071 1230 ἐξ
1085 1148 1120 1235 (ς

67 1265 212 1328 Φαέθων
232 1261 357 1344 ἐγένετο
378 1261 488 1338 nale?

103 1391 241 1440 summa
264 1392 480 1441 summarum
504 1373 590 1440 haec
614 1371 715 1440 nobis
739 1373 818 1440 erit:
843 1372 887 1439 de
901 1369 1050 1455 Merope
1074 1371 1121 1437 si·

67 1482 206 1566 quidem
230 1500 400 1566 nusquam
430 1483 559 1550 diserte
590 1481 750 1549 traditum
781 1493 847 1563 est,
882 1480 939 1547 ubi
966 1481 1117 1563 prlmum

67 1593 313 1676 comparuerit,
340 1591 385 1660 de
409 1590 570 1660 Hesiodo
593 1603 651 1658 aut
672 1589 849 1675 Aeschylo
873 1602 930 1657 aut
951 1588 1142 1673 Euripide

68 1701 205 1790 cogitari
228 1713 352 1785 potest.
396 1701 488 1785 atqui
511 1699 657 1784 Merops
681 1712 733 1768 est
756 1701 899 1767 maritus
923 1695 1116 1782 Clymenes

67 1811 96 1875 in
118 1807 234 1876 fabula
255 1809 388 1894 vulgari
411 1827 500 1892 quae
523 1826 634 1892 aeque
657 1807 758 1876 distat
780 1827 798 1875 a
821 1807 996 1892 tragoedia
1019 1806 1118 1874 Euri·

68 1918 153 2000 pidis
177 1931 279 2002 atque
302 1916 344 1984 ab
368 1916 504 2002 epyllio¹
526 1915 585 1984 illo
608 1915 857 1984 Alexandrino.
894 1934 1010 1983 nonne
1034 1931 1117 2000 ergo

67 2025 236 2111 aliquanto
253 2025 467 2110 probabilius
480 2025 646 2098 Hesiodo.
657 2044 760 2110 quam
774 2024 952 2109 Aeschylo
968 2027 1119 2108 assigna-

68 2134 179 2213 bitur?
215 2147 369 2204 ceterum
399 2137 433 2203 in
461 2135 665 2220 quaestione
688 2148 755 2202 tam
779 2133 910 2202 lubrica
932 2133 1044 2202 valeat
1066 2152 1119 2201 ar·

68 2241 201 2311 bitrium
226 2262 349 2312 eorum
373 2245 432 2329 qui
455 2245 589 2311 acutius
612 2256 758 2311 cernunt
773 2255 806 2311 et
828 2245 941 2311 sciunt
963 2241 1117 2310 meliora.

513 2566 663 2574 --—-

181 2887 244 2956 DE
278 2885 496 2958 EUROPAE
528 2885 585 2957 ET
619 2886 772 2958 ChDMl
806 2886 989 2972 FABULA

106 3091 309 3158 narrationis
332 3109 416 3159 suae
440 3090 483 3158 de
499 3089 638 3175 Europa
661 3105 695 3159 ct
718 3088 855 3160 Cadmo
872 3087 975 3174 (131)
999 3103 1113 3158 utrum

69 3199 196 3280 poetica
218 3213 420 3268 ornamenta
443 3202 519 3284 ipse
542 3201 713 3268 invenerit
735 3218 777 3266 an
800 3199 920 3267 tradita
943 3201 1115 3284 acceperit

12 3307 13 3314 ’
69 3301 225 3390 Ovidius,
247 3325 291 3376 ne
315 3327 394 3376 enm
418 3309 559 3392 quidem
582 3310 641 3394 qui
664 3321 735 3375 tum
752 3307 897 3376 Romani
919 3321 1042 3392 poetae
1065 3311 1116 3376 in-

12 3423 14 3438 ’
68 3416 141 3495 geni
176 3415 314 3500 stillque
350 3419 581 3502 proprietates
622 3430 693 3485 tum
732 3415 952 3486 Graecorum
990 3420 1114 3502 poesin

12 3555 13 3588 r
68 3524 259 3591 universam
283 3521 414 3593 Ovidio
438 3527 667 3610 antiquiorem
691 3529 828 3611 penitus
856 3539 970 3596 mente
994 3544 1115 3611 perce·

12 3599 14 3704 )
70 3633 163 3713 perit,
195 3633 336 3700 auribus
370 3647 464 3702 tecte
488 3634 678 3703 diiudicare
701 3653 808 3719 posse
830 3635 989 3703 arbitror.
1033 3653 1115 3719 qua·

70 3753 208 3823 propter
230 3744 372 3810 rationis
389 3747 504 3827 potius
520 3747 706 3812 moment-is
730 3745 814 3829 quid
837 3746 887 3812 rei
910 3747 954 3812 sit
969 3742 1113 3812 delinire

12 3857 114 3932 ).,-
929 3923 1112 3929 ..ᾑ-

99 4012 172 4078 (130)
191 4015 225 4068 ad
244 4015 298 4072 Od.
316 4019 331 4071 l
347 4017 411 4072 2³5..

100 4105 173 4172 (131)
191 4103 306 4164 Metam.
325 4109 356 4166 ll.
372 4111 428 4166 833
441 4111 520 4165 -111.
542 4112 599 4166 137.
