3000 5168
857 525 975 632 (to)

437 698 636 778 „Phaethon
652 697 744 766 Solis
768 713 801 767 et
817 696 1009 782 Clymenes
1026 697 1115 764 lilius
1132 717 1210 765 cum
1232 697 1318 765 clarn
1340 699 1434 781 patris

394 827 535 876 currum
570 808 833 876 conscendisset
866 823 899 876 et
928 808 1028 874 altius
1052 827 1069 874 a
1093 821 1183 875 terra
1211 819 1305 875 esset
1327 806 1435 889 elatus,

394 935 477 1001 prae
500 919 625 985 timore
649 917 777 984 decidit
804 919 838 983 in
865 915 995 984 llumen
1019 915 1217 983 Eridanum.
1261 916 1354 982 hunc
1382 913 1434 998 (sc.

395 1023 598 1109 Eridanum)
617 1023 771 1110 luppiter
793 1045 872 1094 cum
897 1024 1041 1093 fulmine
1064 1027 1308 1110 percussisset,
1332 1026 1435 1092 omnia

393 1134 517 1202 ardere
551 1148 753 1218 coeperunt.
797 1133 888 1201 lovis
923 1149 959 1200 ut
989 1152 1093 1202 omne
1116 1150 1226 1218 genus
1250 1133 1434 1201 mortalium

394 1262 472 1311 cum
497 1261 618 1310 caussa
642 1241 865 1325 interficeret,
895 1242 1068 1310 simulavit
1091 1261 1130 1310 se
1159 1242 1194 1308 id
1220 1241 1311 1310 velle
1339 1243 1436 1309 extin—

393 1369 510 1436 guere.
544 1370 664 1420 amnes
680 1352 834 1437 undique
858 1354 1010 1436 irrigavit
1033 1370 1208 1434 omneque
1228 1367 1339 1435 genus
1356 1369 1436 1418 mor-

393 1460 510 1528 talium
534 1463 661 1529 interiit
688 1475 827 1546 praeter
854 1461 1024 1546 Pyrrham
1053 1475 1086 1529 et
1109 1459 1373 1530 Deucalionem.
1411 1472 1437 1525 at

393 1587 537 1638 sorores
553 1569 787 1653 Phaethontis,
806 1572 902 1655 quod
918 1589 1029 1655 equos
1053 1572 1187 1637 iniussu
1204 1571 1310 1653 patris
1327 1571 1437 1635 iunxe·

394 1692 478 1762 rant,
501 1681 535 1746 in
558 1679 703 1747 arbores
726 1679 878 1763 populos
902 1692 1131 1747 commutatae
1153 1679 1263 1746 sunt.“

434 1803 556 1872 verba:
592 1818 647 1884 ,ut
670 1823 775 1872 omne
797 1823 907 1889 genus
930 1841 969 1850 -
994 1806 1215 1888 extinguere“
1241 1804 1437 1871 damnantur
1481 1801 1482 1894 (

394 1915 528 1995 iniuria,
551 1915 686 1997 opinor,
710 1932 787 1980 narn
805 1917 906 1982 eriam
924 1913 1108 1982 scholiasta
1124 1911 1347 1981 Strozzianus
1364 1913 1437 1980 haec
1481 1901 1482 1994 l

394 2021 487 2105 legit,
521 2023 586 2088 nisi
620 2023 715 2106 quod
743 2025 776 2088 in
799 2021 942 2090 brevius
966 2025 1149 2090 contraxit:
1184 2023 1300 2089 omnia
1323 2022 1437 2090 ardere

394 2132 556 2214 coepisse
579 2149 771 2216 caussaque
796 2130 832 2215 (i.
849 2151 878 2200 e.
899 2150 963 2216 per
986 2151 1136 2215 causam,
1157 2129 1239 2197 κατὰ
1262 2128 1436 2220 πρόφασιν)
1481 2159 1482 2250 p

394 2239 615 2323 extinguendi
639 2259 759 2308 amnes
783 2243 960 2309 immissos
984 2260 1074 2309 esse.

437 2371 567 2456 Hygini
601 2370 749 2440 fabulam
779 2377 844 2440 154
878 2379 966 2459 quae
1000 2377 1164 2459 inscripta
1193 2388 1245 2443 est
1267 2373 1437 2443 Phaethon

394 2480 556 2564 Hesiodi,
578 2484 608 2549 si
632 2500 773 2550 errores
797 2486 976 2552 nominum
994 2481 1097 2568 (126)
1121 2486 1287 2568 corrigas,
1311 2484 1438 2551 conicio
1481 2493 1482 2576 ᾗ

391 2609 511 2657 veram
536 2593 721 2675 imaginem
746 2590 881 2660 fabulae
905 2592 1106 2661 Hesiodeae
1130 2591 1274 2661 referre.
1308 2612 1387 2661 nam
1410 2604 1440 2656 ut
1481 2613 1482 2616 ¹

394 2700 575 2784 inscriptio
610 2699 744 2768 fabulae
777 2703 870 2786 apud
905 2701 1083 2788 Hyginum
1118 2701 1246 2770 nullius
1281 2701 1439 2770 momenti

391 2810 444 2890 sit,
468 2822 581 2876 tamen
600 2827 796 2877 consensus
812 2829 891 2877 cum
916 2809 1011 2878 fonte
1034 2810 1322 2896 mythographico
1340 2808 1439 2878 Ovidi

392 2918 544 2986 ostendit
571 2918 659 2986 hanc
686 2917 835 2988 fabulam
863 2920 1040 3006 vulgarem
1070 2920 1188 2990 luisse.
1233 2920 1347 2989 fabula
1374 2918 1441 2986 vul·

391 3027 482 3110 garis
505 3039 619 3095 autem
643 3027 790 3096 dissidet
812 3027 854 3096 ab
878 3029 1080 3114 Euripiden,
1113 3029 1170 3096 ubi
1200 3030 1289 3096 duae
1313 3027 1439 3096 fabulae

391 3134 435 3202 de
459 3133 597 3202 duobus
620 3133 905 3218 Phaethontibus,
929 3151 964 3203 ut
987 3138 1138 3206 ostendit
1160 3137 1439 3205 Wilamowitzius

392 3240 507 3326 (127),
531 3245 564 3310 in
582 3263 689 3311 unum
707 3245 920 3313 coaluerunt.
950 3259 983 3312 at
998 3246 1182 3331 Meropem
1201 3244 1305 3329 (128)
1330 3245 1441 3313 credat

391 3351 514 3435 aliquis
544 3351 586 3419 ab
614 3351 779 3437 Euripide
810 3357 987 3422 inventum
1017 3373 1096 3422 esse
1125 3353 1239 3438 (129).
1284 3373 1348 3422 cur
1377 3367 1441 3420 tan·

424 3650 499 3717 (126)
518 3650 652 3720 Clymeni
672 3651 749 3706 Solis
768 3652 844 3706 llllus
863 3659 892 3706 et
909 3651 1045 3721 Meropes
1065 3653 1208 3722 nymphae
1227 3654 1313 3708 illius.

426 3741 502 3810 (127)
521 3742 620 3796 Herm.
642 3743 712 3796 1883
733 3757 760 3809 p.
777 3742 830 3796 396
843 3757 905 3810 sqq.

425 3833 500 3901 (128)
518 3833 704 3888 Wilamowitz
722 3834 822 3888 Herm.
843 3835 914 3889 1883
941 3850 967 3902 p.
984 3836 1048 3889 431.
1081 3851 1113 3890 es
1132 3837 1169 3890 ist
1194 3850 1268 3904 ganz
1293 3837 1443 3906 ungewiss,

391 3919 489 3974 woher
506 3917 657 3985 Euripides
675 3917 793 3986 Merops
820 3920 917 3984 nahm,
944 3918 1002 3972 und
1030 3920 1103 3974 doch
1129 3919 1208 3974 nicht
1225 3921 1375 3988 gersthen,
1401 3919 1443 3972 die

391 4001 547 4069 Erllndung
564 4002 661 4056 dieser
677 4001 787 4057 Person
807 4002 922 4056 einlach
942 4002 993 4056 aul
1010 4004 1093 4058 scine
1106 4003 1266 4072 Rechnung
1284 4018 1320 4058 zu
1338 4012 1443 4057 setzen.

425 4092 500 4162 (129)
519 4095 536 4147 1.
555 4108 578 4148 e.
598 4095 746 4148 hominem
766 4095 917 4149 mortalem
937 4095 983 4148 cui
1001 4095 1102 4164 paelex
1121 4094 1167 4150 dcl
1189 4094 1353 4150 tradiderat.
