3000 5168
830 453 949 560 (tt)

368 623 535 707 scripsit?
579 622 759 693 clarissimi
782 636 889 710 vates,
912 625 1031 708 inquit,
1053 623 1136 694 dum
1160 622 1236 691 Nisi
1260 621 1363 696 liliam
1391 629 1429 692 in

369 745 562 799 monstrum
597 733 767 798 marinum
800 731 927 800 abiisse
964 733 1111 814 tradunt,
1149 730 1282 800 fabulas
1317 734 1429 818 plane

368 842 525 909 diversas
549 842 708 926 imperite
732 839 964 926 conlundum3
998 861 1148 926 quorum
1182 844 1338 927 opinioni
1369 862 1430 910 re·

369 950 518 1034 fragatur
541 949 721 1017 Homerus
745 949 860 1033 (219),
892 953 951 1034 qui
979 953 1081 1019 docet
1104 951 1293 1036 nympham
1317 955 1428 1020 marl-

369 1079 446 1128 nam
481 1057 696 1130 essentiam
721 1057 938 1143 Crataeidos
973 1079 1037 1132 occ
1061 1060 1179 1128 hercle
1213 1059 1317 1131 fidem
1341 1059 1430 1128 facit

369 1171 543 1253 pessimus
566 1181 696 1250 auctor,
730 1170 785 1234 cui
809 1187 965 1236 errorem
1000 1168 1271 1259 suumdebem.
1316 1171 1446 1253 signi--

369 1275 455 1360 licat,
478 1279 525 1344 uti
547 1277 658 1359 vides,
681 1295 720 1343 se
743 1279 885 1345 novisse
909 1277 1035 1345 librum
1056 1296 1125 1344 non
1142 1279 1293 1361 optimae
1317 1292 1427 1348 notae

369 1404 439 1469 quo
473 1385 521 1454 illi
544 1387 598 1452 usi
621 1387 698 1454 sint.
742 1388 945 1470 sequiturne
968 1388 1082 1470 poetis
1105 1386 1270 1454 Romanis
1293 1405 1427 1460 aureae

369 1497 487 1562 aetatis
524 1494 629 1578 vulgo
668 1493 830 1562 omnibus
872 1495 994 1562 eodem
1032 1494 1187 1562 subsidia
1224 1495 1427 1563 studiorum

369 1623 457 1687 quae
501 1623 519 1670 a
556 1602 842 1689 praeceptoribus
888 1618 920 1670 et
964 1601 1162 1676 rhetoribus
1204 1606 1428 1690 accepissent

370 1726 508 1796 praesto
532 1710 667 1779 fuisse?
704 1726 805 1779 erunt
827 1710 975 1779 fortasse
998 1712 1125 1796 quibus
1148 1713 1321 1780 eiusmodi
1339 1731 1429 1780 con·

370 1823 499 1888 iectura
524 1819 735 1908 perplaceat3
756 1806 837 1890 'cum
860 1839 947 1892 vero
964 1840 1081 1894 rerum
1097 1823 1226 1898 veritas
1250 1839 1427 1906 persaepe

370 1930 543 2019 aliquanto
567 1931 681 1996 minus
705 1930 856 2016 simplex
878 1932 922 1997 sit
944 1948 1047 2017 quam
1070 1929 1300 2012 voluerimus,
1323 1933 1359 2000 in
1386 1949 1425 1998 re

372 2039 510 2122 ancipiti
534 2037 617 2104 nihil
641 2035 785 2108 delinire
809 2051 968 2123 praestat.
1361 2123 1366 2130 .

412 2166 456 2214 ex
479 2146 602 2214 iisdem
626 2145 722 2213 libris
739 2143 892 2212 Ovidius
915 2149 1016 2212 etiam
1033 2149 1271 2231 patronymica
1295 2147 1446 2231 quibus

369 2274 494 2323 versus
526 2268 711 2326 exornaret
740 2254 835 2324 nullo
866 2256 1003 2338 negotio
1031 2267 1151 2337 petere
1174 2267 1317 2340 poterat.
1364 2274 1427 2322 ne·

369 2383 437 2448 que
460 2365 561 2446 igitur
588 2377 640 2432 est
667 2363 760 2445 quod
788 2363 956 2430 miremur
979 2364 1094 2429 virum
1117 2365 1258 2430 minime
1282 2362 1449 2441 doctum,

369 2471 553 2555 Auroram,
577 2486 613 2539 ut
635 2471 702 2539 hoc
725 2485 810 2553 utar,
832 2471 1039 2538 Pallantiada
1064 2469 1166 2554 (220)
1191 2472 1323 2539 dixisse
1348 2474 1427 2539 sive

369 2580 555 2648 Pallantida
583 2579 702 2664 (221),
740 2599 817 2648 cum
852 2578 953 2647 nobis
986 2578 1124 2653 aliunde
1158 2598 1217 2671 ne·
1236 2582 1427 2648 innotuerit

371 2690 511 2772 quidem
535 2708 610 2766 eam
633 2687 794 2758 Pallantis
817 2687 919 2756 liliam
943 2689 1068 2758 dictam
1092 2707 1182 2760 esse.

412 2811 550 2883 praeter
580 2797 811 2883 mythologica
844 2815 930 2864 vero
959 2795 1111 2864 Ovidius
1146 2800 1247 2865 etiarn
1281 2814 1427 2882 geogra-

371 2908 472 2993 phica
506 2922 553 2992 et,
583 2911 612 2976 si
639 2908 723 2992 quid
745 2908 865 2990 video,
895 2909 1126 2978 astronomica
1151 2905 1255 2991 (222)
1284 2925 1303 2974 e
1326 2905 1425 2973 libris

251 3091 253 3096 ,
371 3017 610 3086 consimilibus
628 3031 787 3104 repetere
803 3015 946 3100 solebat,
969 3014 1116 3090 Fortasse
1133 3036 1177 3086 ex
1193 3015 1328 3098 iisdem,
1345 3034 1425 3083 curn

371 3127 456 3195 haec
487 3146 581 3195 mera
612 3125 766 3194 subsidia
796 3124 1079 3209 mythologorum
1109 3138 1235 3192 essent.
1282 3121 1424 3192 afferam

371 3237 469 3306 locos
492 3239 551 3320 qui
574 3235 642 3303 buc
665 3237 847 3320 pertinent.

412 3344 746 3429 Metamorphoseon
774 3343 862 3412 libro
886 3342 898 3408 1
922 3355 1169 3413 enumerantur
1191 3361 1311 3412 amnes
1334 3359 1423 3426 quos

372 3467 579 3521 convocarat
601 3452 756 3520 Peneus:

404 3734 480 3806 (219)
499 3734 555 3790 Od.
571 3756 593 3808 μ
614 3735 673 3790 124.

405 3826 480 3898 (220)
499 3827 614 3882 Metam.
632 3827 675 3881 lx.
693 3828 719 3881 4.
736 3828 780 3881 21.
804 3827 861 3880 XV.
882 3828 943 3882 191.
972 3828 1046 3882 Fast.
1063 3826 1107 3880 IV.
1126 3828 1189 3880 373.

405 3919 482 3990 (221)
501 3919 616 3975 Metam.
634 3919 691 3973 XV.
710 3919 773 3976 700.

406 4011 481 4080 (222)
500 4011 577 4080 quod
595 4020 691 4066 tamen
710 4012 910 4066 demonstrare
927 4025 985 4066 non
1004 4025 1135 4078 possum.
