3000 5168
546 530 664 641 (ti)

127 724 247 779 contra
280 711 373 796 apud
396 709 536 780 Latinos
570 727 690 798 poetas
724 714 816 781 idem
849 717 970 785 vitium
994 721 1132 804 conspi-

84 821 188 886 citur:

83 1004 165 1072 Prop.
185 1003 216 1058 V.
234 1005 290 1059 isc

182 1114 251 1182 quid
269 1115 374 1170 mirum
393 1116 422 1170 in
440 1117 547 1184 patrios
565 1115 689 1186 Scyllam
708 1119 839 1174 saevisse
856 1120 975 1188 capillos

63 1250 69 1258 ,
184 1195 316 1254 condida
334 1213 390 1266 que
408 1199 437 1254 ln
455 1213 560 1256 saevos
577 1198 707 1270 inquiro
724 1217 809 1257 versa
826 1217 923 1258 canes,

84 1296 405 1400 vamm-

185 1440 253 1509 quio
271 1441 373 1509 loquar
390 1451 438 1496 aut
455 1441 579 1510 Scyllam
598 1443 671 1512 Nisi,
688 1459 774 1512 quam
794 1444 872 1500 lama
889 1454 987 1502 secuta
1007 1457 1051 1501 est

185 1522 318 1579 candida
334 1526 510 1581 succinctam
528 1528 696 1582 latrantibus
713 1525 845 1596 inpolita
862 1531 1000 1585 monstris

185 1609 334 1664 Dulichias
351 1624 474 1664 vexasse
492 1618 568 1665 rates
589 1619 617 1666 et
634 1613 745 1681 gurgite
762 1613 791 1667 in
809 1613 866 1668 alto

185 1708 202 1747 a
218 1693 335 1748 timidos
353 1701 454 1748 nautas
472 1695 592 1749 canibus
610 1695 755 1750 lacerasse
773 1698 899 1752 marinis.

126 1899 244 1981 possis
266 1896 408 1981 quidem
442 1899 604 1966 conicere
625 1897 817 1982 Vergilium
841 1896 972 1967 Ovidio
1006 1903 1135 1986 pariter

82 2025 122 2074 ac
140 2003 325 2090 Propertio
349 2007 480 2074 erroris
503 2020 680 2074 auctorem
703 2006 822 2076 luisse.
854 2011 919 2075 iam
942 2028 1028 2078 vero
1052 2029 1135 2080 con-

8 2110 9 2190 }
82 2114 177 2183 ieras
201 2111 296 2183 Ciris
318 2114 434 2182 locum
458 2117 576 2199 utique
599 2129 715 2183 notatu
738 2117 894 2201 dignum:

7 2325 8 2382 l
79 2335 118 2387 54
188 2332 354 2401 complures
372 2332 450 2386 illam
470 2340 498 2386 et
510 2333 620 2402 magni,
637 2334 784 2398 messella,
802 2343 904 2403 poetae

187 2416 264 2483 (nam
283 2431 384 2470 verum
404 2415 555 2484 fateamur,
572 2426 649 2471 amat
666 2418 854 2486 Polyhymnia
871 2421 984 2485 verum)

187 2502 272 2570 longe
290 2501 344 2556 alia
361 2501 514 2569 perhibent
531 2511 669 2556 mutatam
689 2504 819 2557 membra
836 2503 924 2572 ligura

187 2583 351 2652 Scyllaeum
370 2593 501 2639 monstro
519 2601 621 2640 saxum
639 2584 798 2640 inlestasse
815 2588 925 2655 voraci3

186 2669 264 2723 illam
283 2683 352 2724 esse
369 2670 516 2724 aerumnis
535 2683 621 2739 quam
640 2683 728 2737 saepe
746 2671 878 2738 legamus
895 2669 969 2725 Ulixi

187 2751 308 2808 candida
324 2755 501 2808 succinctam
520 2755 689 2808 latrantibus
707 2753 825 2821 inguina
843 2756 981 2810 monstris

187 2836 335 2892 Dulichias
354 2851 477 2892 vexasse
495 2845 571 2892 rates
590 2847 619 2894 et
635 2839 747 2907 gurgite
765 2839 794 2892 in
812 2838 869 2892 alto

186 2923 347 2989 deprensos
366 2929 467 2976 nautas
485 2923 605 2977 canibus
622 2923 767 2978 lacerasse
785 2923 913 2976 marinis.

186 3007 239 3060 sed
257 3017 353 3074 neque
370 3005 521 3060 Maeoniae
539 3008 685 3074 patiunmr
703 3004 821 3060 credere
839 3007 953 3061 chartae

186 3104 240 3144 nec
259 3091 355 3144 malus
373 3090 494 3144 istorum
514 3090 608 3144 dubiis
628 3092 773 3144 erroribus
792 3098 898 3144 auctor.

125 3293 232 3360 viden
256 3305 393 3377 poetam
416 3291 578 3358 vellicare
603 3288 770 3358 Ovidium
790 3289 892 3374 (218)
916 3270 1136 3374 Propertium

77 3401 277 3485 Vergilium
301 3402 471 3485 inprimis,
500 3418 604 3483 quem
628 3399 768 3482 quidem
793 3398 1003 3467 adverbum
1028 3414 1137 3467 trans-

116 3694 195 3760 (218)
213 3694 237 3746 si
252 3691 328 3748 Ciris
346 3700 412 3747 ante
430 3693 556 3747 carmina
569 3691 709 3746 Ovidiana
727 3692 832 3758 scripta
849 3690 961 3755 luisset,
980 3690 1138 3748 verisimile

75 3787 129 3833 est
141 3775 279 3831 Ovidium
298 3791 361 3830 eam
375 3777 517 3830 lecturum
537 3775 638 3830 luisse.
665 3777 690 3830 si
704 3775 831 3842 legisset,
848 3775 1013 3828 admonitus
1027 3771 1137 3842 Scyllas

75 3877 142 3917 non
162 3859 351 3914 contudisset.
388 3859 423 3914 de
443 3867 535 3914 aetate
553 3857 630 3913 Ciris
657 3858 694 3912 cl.
713 3859 746 3912 A.
763 3858 910 3927 Zingerle,
935 3857 1030 3911 llelne
1049 3857 1138 3924 plillo-

75 3945 215 4015 logisclre
233 3943 463 4011 Abhsndlungen
485 3941 527 3996 lll.
549 3957 576 4012 p.
593 3943 717 4010 23-31,
743 3943 791 4010 qui
814 3951 892 3996 recte
914 3941 1045 3996 sensisse
1068 3941 1137 3996 milri

74 4034 207 4097 videtur,
232 4029 298 4083 licet
321 4028 391 4084 nillil
414 4027 617 4083 demonstrarit
640 4041 736 4094 neque
760 4027 914 4096 quidquam
934 4025 1052 4080 omnino
1075 4038 1138 4091 pro·

76 4113 230 4171 nuntiarit.
