3000 5168
904 485 1023 594 (3⁴)

437 677 612 746 putantem
635 663 866 730 audieramus.
904 679 1017 744 neque
1041 657 1198 743 proiecto
1221 656 1288 722 alia
1312 657 1355 722 de
1377 674 1452 727 causa

437 772 559 853 credo,
589 769 729 854 Lycaon
753 790 831 838 cum
855 769 1020 854 Cecrope
1044 768 1277 852 componitur,
1309 767 1372 831 nisi
1394 765 1454 846 quot

436 879 493 947 ille
527 897 668 964 quoque
701 879 823 948 harum
857 897 974 947 rerum
1009 880 1170 946 inventor
1196 895 1279 944 esse
1304 873 1454 941 dicebatur.

436 989 582 1072 legimus
624 991 716 1056 enim
758 987 850 1072 apud
887 987 1091 1055 Pausaniam
1130 985 1333 1070 Cecropem
1372 981 1454 1046 loven

432 1096 583 1164 Ὕπατον
604 1115 837 1181 nuncupasse,
860 1114 963 1180 quem
979 1113 1085 1180 supra
1101 1114 1120 1162 a
1135 1093 1301 1177 Lycaone
1318 1091 1454 1174 Lycaeun

437 1207 566 1274 dictum
609 1226 689 1274 esse
726 1208 852 1290 posuit.
912 1209 1070 1282 inventa,
1113 1205 1246 1286 inquis,
1292 1219 1362 1268 non
1400 1199 1454 1262 adu

437 1333 557 1400 magna
596 1313 686 1397 (75).
724 1329 810 1382 esto.
857 1315 920 1382 sed
958 1312 1159 1398 Cecropem
1196 1313 1384 1394 antiquitus
1416 1307 1454 1371 det

435 1443 573 1491 summo
607 1423 679 1490 Iovi
714 1443 840 1491 nomen
875 1421 1165 1490 indidisseiama
1199 1435 1273 1488 erat
1305 1416 1382 1503 (77)
1412 1418 1426 1480 i.
1441 1434 1454 1479 e.

434 1532 596 1600 homines
620 1536 770 1617 primum
794 1533 836 1599 ad
860 1531 951 1600 Iovis
975 1531 1104 1600 cultum
1127 1531 1333 1599 deduxisse.
1375 1541 1454 1592 noma

435 1659 518 1726 ergo
542 1642 654 1726 aliqua
678 1661 757 1709 cum
786 1641 1024 1726 probabilitate
1053 1655 1243 1708 statuemus
1272 1640 1454 1721 scriptorem

435 1753 490 1817 cui
513 1754 695 1834 utriusque
718 1749 809 1818 Iovis
833 1750 976 1819 cultoris
1004 1749 1092 1818 fama
1119 1750 1217 1817 cordi
1244 1760 1342 1816 esset
1363 1745 1454 1827 quique

435 1859 633 1943 Lycaonem
650 1873 730 1945 post
744 1857 917 1945 Cecropis
934 1873 1091 1944 tempora
1107 1860 1259 1943 genitum
1278 1875 1360 1924 esse
1375 1849 1454 1919 nollet.

436 1966 653 2036 difficultates
680 1971 724 2038 ita
747 1972 896 2036 evitasse
927 1983 963 2036 ut
986 1967 1078 2036 lovis
1101 1967 1250 2052 epitheta
1275 1967 1373 2033 daret
1393 1964 1454 2026 ime

436 2078 562 2144 nienda
585 2077 781 2145 ambobus?
826 2091 897 2145 tum
921 2075 1083 2162 Cecrops
1111 2095 1251 2160 quoque
1276 2077 1404 2160 primus
1423 2085 1454 2130 ut·

435 2186 514 2254 bem
532 2187 732 2254 condidisse
756 2185 931 2254 terebatur
948 2186 1037 2270 (77).
1071 2187 1233 2270 equidem
1257 2183 1452 2252 definirem

437 2311 626 2378 possumus
650 2309 764 2363 utrum
788 2299 938 2380 scriptor
964 2295 1051 2362 hanc
1079 2295 1284 2362 sententiam
1309 2287 1451 2373 amplexu

436 2407 489 2485 sit,
513 2418 549 2469 ut
571 2404 740 2471 ambobus
764 2405 856 2472 idem
877 2404 979 2472 simul
1003 2404 1251 2486 inveniendum
1277 2401 1454 2486 permitteret

436 2512 606 2595 anillam,
636 2527 672 2579 ut
696 2511 896 2597 Cecropem
920 2513 986 2580 hoc
1010 2514 1151 2597 quidem
1174 2532 1192 2578 a
1215 2510 1378 2595 Lycaone
1398 2501 1452 2569 didi·

437 2625 527 2690 cisse
544 2624 684 2706 diceret,
707 2637 861 2691 ceterum
878 2625 908 2690 ei
926 2623 1027 2706 longe
1050 2625 1174 2706 pietate
1197 2621 1414 2705 praestitisse,
1429 2625 1451 2674 ti

435 2749 521 2799 vero
549 2734 704 2816 prudens
732 2732 868 2799 silentio
896 2733 1043 2816 aliquam
1071 2745 1203 2815 partem
1227 2721 1451 2797 controversia

436 2843 613 2924 presserit.
657 2856 804 2909 attamen
838 2841 922 2908 illud
956 2854 1049 2908 certe
1073 2853 1233 2907 constare
1255 2839 1392 2905 videtur
1410 2825 1451 2895 Ct-

436 2951 552 3033 erupis
576 2968 654 3016 cum
675 2948 837 3033 Lycaone
861 2951 1155 3033 comparationem
1179 2951 1212 3014 in
1236 2949 1360 3014 nimias
1381 2951 1451 3019 angi·

435 3060 517 3124 stias
549 3071 756 3125 contractam
791 3079 881 3141 esse,
916 3077 999 3143 ergo
1033 3057 1117 3126 fonti
1141 3057 1334 3124 Pausaniae
1357 3041 1450 3118 deberi.

469 3340 525 3409 (75)
544 3343 646 3396 iniuria
671 3342 764 3397 Hilier
790 3343 826 3396 de
853 3341 1025 3410 Girtringen
1052 3343 1168 3396 inventa
1195 3354 1296 3408 regum
1316 3331 1451 3393 Arcadiaet

436 3426 576 3480 Pausania
593 3441 609 3479 e
628 3427 700 3480 libro
718 3427 843 3494 quodam
868 3425 929 3497 περὶ
952 3423 1106 3497 εὑρημάτων
1130 3425 1217 3492 petita
1243 3438 1313 3478 esse
1336 3417 1451 3476 arbitratu

434 3525 502 3564 esse
519 3509 639 3564 videtur.

469 3609 526 3677 (76)
545 3609 611 3666 Eue.
630 3625 725 3680 praep.
745 3625 845 3680 evang.
862 3611 885 3664 X
902 3611 920 3664 9
947 3611 1049 3683 πρῶτος
1067 3607 1080 3664 ὁ
1101 3611 1213 3682 Κέκροψ
1230 3610 1334 3676 λέγεται
1351 3603 1417 3692 Ζῆν(Ι
1427 3607 1450 3642 ‘i'

433 3695 559 3759 κληκέναι
583 3693 631 3750 τᾶν
654 3695 720 3772 θεὸν
741 3695 777 3766 μὴ
796 3694 923 3768 πρότερον
939 3693 1005 3748 οὕτω
1029 3690 1091 3768 παρ’
1112 3691 1269 3765 ἀνθρώποις
1288 3689 1450 3782 ὠνομασμὲ()(“;

469 3795 526 3862 (77)
546 3795 642 3862 Steph.
662 3795 729 3862 Byz‚
748 3810 771 3848 s.
789 3811 814 3850 v.
829 3793 953 3862 Ἀθῆναιτ
971 3797 1070 3866 πρῶτοι
1087 3792 1140 3866 γὰρ
1154 3792 1297 3858 Ἀθηναῖοι
1314 3793 1343 3844 τὰ
1361 3787 1412 3844 ticli
1425 3790 1450 3826 ²¹¹¹

433 3877 479 3938 τὰς
496 3876 583 3938 πόλεις
603 3877 694 3952 εὑρεῖν
712 3879 883 3952 ἱστοροῦνται.
1440 3947 1443 3957 1

468 3970 538 4024 Plin.
561 3979 615 4024 nat.
636 3971 702 4026 hist.
720 3969 777 4023 vit.
797 3971 864 4024 tot:
899 3971 1036 4038 oppidum
1068 3969 1197 4037 Cecrops
1226 3983 1241 4020 a
1271 3983 1306 4021 se
1335 3953 1450 4032 appettaut

435 4055 617 4121 Cecropiam,
634 4070 708 4122 quae
727 4069 804 4109 nunc
824 4064 868 4108 est
887 4054 1031 4108 Athenis„
1091 4101 1092 4106 ,
