3000 5168
536 541 658 650 (tt)

76 714 253 782 Boeotiam
287 714 446 788 deducta.
465 715 534 782 sit?
571 717 713 784 minime
739 719 902 801 gentium.
946 715 1001 784 tali
1029 729 1122 783 certe

76 826 270 892 testimonio
293 841 358 908 pro
382 822 606 892 fundamento
629 827 677 892 uti
701 844 823 910 parum
847 839 955 894 tutum
975 826 1124 893 videtur.

75 948 104 1000 at
144 931 387 1002 Antimachum
429 930 692 1018 Colophonium
735 937 898 1004 novimus
938 937 1124 1020 scripsisse

75 1041 247 1126 Europam
271 1060 290 1109 a
312 1041 395 1110 Iove
418 1045 451 1110 in
475 1043 641 1128 spelunca
670 1046 798 1112 montis
819 1043 984 1112 Teumesi
1012 1061 1124 1129 prope

74 1171 91 1218 a
113 1149 244 1220 Thebis
270 1150 418 1219 abditam
447 1171 527 1221 esse
551 1151 665 1237 (182).
709 1154 790 1222 vide
817 1167 930 1222 tamen
958 1171 1002 1220 ne
1029 1151 1125 1220 hnti·

74 1259 216 1328 machus
238 1277 305 1328 suo
328 1260 441 1330 Marte
463 1261 505 1329 ab
528 1264 665 1348 antiqua
699 1265 895 1332 narratione
929 1263 1125 1330 recesserit.

3 1441 4 1444 ,
74 1371 171 1436 cuius
193 1372 392 1438 mutationis
416 1373 502 1438 ratio
518 1390 588 1440 non
604 1372 671 1440 alte
686 1372 835 1458 petenda
851 1385 954 1439 esset.
987 1369 1125 1456 Europa

3 1521 4 1576 ,
74 1481 163 1546 enim
180 1479 210 1546 si
227 1497 296 1546 non
313 1482 347 1547 in
364 1478 506 1550 Cretam
524 1479 715 1564 deveniret,
735 1480 882 1550 heroum
900 1478 1124 1550 Cretensium

3 1579 4 1584 ’
74 1602 181 1657 mater
202 1585 277 1656 heri
301 1607 370 1656 non
394 1603 537 1674 poterat.
579 1589 676 1658 multi
700 1591 759 1658 diu
783 1590 998 1674 multumque
1022 1607 1126 1673 quae-

72 1701 228 1766 siverunt
250 1715 419 1782 quaenam
437 1698 519 1766 olim
537 1697 664 1767 iuerint
684 1699 822 1767 vincula
839 1697 1021 1768 Boeotiam
1037 1702 1127 1766 inter

73 1820 106 1874 et
128 1805 271 1877 Cretam
296 1805 399 1891 (183)
428 1827 543 1894 neque
566 1809 674 1877 ullum
699 1827 909 1893 responsum
934 1811 1049 1878 datum
1074 1822 1126 1877 est

73 1917 167 1999 quod
185 1916 324 2002 placere
347 1919 459 2001 possit
475 1915 589 2001 (184).
622 1930 746 2002 poetae
768 1936 855 1986 vero
870 1918 1001 1986 saeculi
1017 1919 1125 2004 quinti

72 2029 130 2110 qui
156 2044 295 2094 carmen
319 2027 457 2111 epicum
481 2028 686 2095 conditurus
701 2039 940 2111 argumentum
964 2026 1030 2095 sibi
1046 2045 1127 2112 pro·

72 2149 236 2219 spexerat
252 2155 271 2204 e
287 2135 504 2220 temporibus
520 2135 692 2220 mythicis,
711 2135 996 2204 molestissimum
1011 2139 1126 2206 visum

72 2264 152 2313 esse
175 2245 386 2314 crediderim
410 2244 534 2312 sedulo
559 2258 592 2313 et
614 2245 738 2314 ordine
762 2261 924 2313 enarrare
951 2243 1126 2314 Creticam

72 2355 219 2438 stirpem
241 2352 413 2439 Europae,
447 2373 526 2422 cum
560 2354 603 2422 ad
627 2373 684 2422 res
706 2352 889 2422 Thebanas
913 2368 1127 2440 properaret.

72 2474 289 2548 quapropter
309 2464 424 2531 virum
447 2465 606 2547 quamvis
628 2460 785 2550 περιττὸν
805 2465 859 2528 καὶ
881 2459 1059 2548 ἀδολέσχην
1081 2461 1129 2530 ia·

71 2569 189 2638 bulam
223 2572 379 2641 traditam
414 2574 630 2640 contraxisse
653 2572 803 2640 arbitror
828 2587 930 2657 atque
953 2572 1127 2656 Europam

106 2903 183 2973 (182)
203 2904 300 2974 Steph.
320 2906 387 2974 Byz.
411 2921 434 2960 s.
452 2921 478 2959 v.
504 2905 660 2977 τευμησσός.
697 2905 733 2959 ci.
755 2906 837 2960 Paus.
859 2905 901 2959 IX.
924 2907 965 2960 19.
987 2907 1008 2959 1.
1044 2905 1131 2961 Arist.

70 2991 145 3044 rhet.
166 2995 188 3042 i·
203 3005 230 3065 p.
246 2989 377 3044 itnsaz.

106 3087 185 3166 (183)
203 3105 229 3145 v.
247 3089 391 3156 Welcker,
422 3090 494 3146 tiber
520 3092 586 3146 eine
614 3091 767 3146 Kretische
795 3091 920 3146 Kolonis
947 3092 976 3145 in
1003 3089 1133 3146 Theben.

70 3189 98 3240 p.
123 3172 168 3227 ts.
209 3173 245 3226 H.
269 3173 302 3227 D.
326 3173 445 3241 hidller,
473 3173 653 3242 hiythologie
681 3175 734 3228 der
762 3175 964 3242 griechischen
994 3173 1133 3230 Stimme.

69 3273 98 3323 p.
118 3256 183 3312 236.
212 3256 262 3311 Ed.
281 3256 433 3324 Schwartz,
453 3257 572 3328 Quaest.
590 3257 697 3313 Herod.
716 3273 742 3326 p.
764 3259 805 3312 13.
1241 3274 1243 3278 ’

107 3355 185 3425 (ist)
204 3359 273 3427 quid
285 3359 349 3426 ipae
367 3359 489 3414 sentiam
509 3359 608 3428 paucis
622 3359 747 3414 indicare
762 3359 853 3414 liceat.
882 3359 1009 3414 iabulam
1029 3359 1065 3412 de
1078 3373 1135 3427 qua

70 3441 189 3509 agimus
207 3443 274 3510 quia
291 3451 387 3497 natam
406 3457 474 3497 esse
491 3443 641 3510 probabiie
658 3451 716 3510 est,
743 3457 809 3498 cum
829 3441 960 3498 Cadmus
977 3441 1133 3498 Thebanus

70 3539 142 3579 cum
170 3535 262 3580 matre
287 3539 387 3593 regum
416 3524 602 3582 Cretensium
630 3525 888 3596 consanguinitatis
915 3526 1051 3600 vinculis
1067 3541 1134 3582 con·

70 3611 257 3678 iungeretur,
283 3624 413 3678 eposque
439 3610 475 3664 de
493 3609 605 3678 Europa
632 3621 660 3664 et
678 3609 790 3666 Cadmo
809 3611 838 3665 in
857 3609 935 3664 ionia
953 3617 1046 3664 ortum
1067 3624 1135 3664 esse

69 3693 193 3747 aliunde
210 3699 301 3761 patet,
326 3707 392 3748 meo
416 3693 479 3748 iure
502 3693 615 3750 conicio
639 3709 745 3750 novam
765 3693 892 3749 Tabulam
911 3694 1041 3748 extitisse
1059 3693 1134 3760 apud

70 3776 288 3846 Colophonios,
305 3777 334 3831 in
348 3777 461 3831 civitate
473 3792 557 3844 nova,
574 3791 659 3846 quam
674 3776 833 3833 Cretenses
846 3791 983 3832 unacum
997 3774 1135 3831 Cadmeis

70 3861 245 3916 condidisse
265 3859 342 3914 iama
360 3871 428 3916 erat.
464 3860 501 3928 (v.
518 3859 664 3916 Thebaida
681 3861 756 3928 apud
775 3861 867 3916 schol.
888 3859 984 3928 Apoll.
1004 3858 1095 3915 Rhod.
1116 3858 1134 3914 1.

68 3943 130 3998 308
158 3951 186 3998 et
211 3943 297 3999 Paus.
314 3942 371 3998 v11.
392 3945 430 4009 3.)
471 3945 520 4014 qui
547 3959 604 4014 qua
630 3952 711 3999 erant
737 3943 840 3999 Graeci
871 3945 967 4013 ingeni
998 3941 1134 3997 felicitate

70 4027 211 4083 finxerint
237 4025 340 4084 Cadmi
359 4043 426 4083 curn
453 4029 566 4097 Europa
591 4028 734 4098 originem
760 4041 956 4092 communem,
984 4035 1015 4080 ut
1041 4028 1135 4095 gentis

73 4112 232 4180 utriusque
250 4112 405 4180 primordia
423 4127 439 4166 a
458 4111 547 4166 iratre
564 4121 592 4167 et
610 4125 711 4166 sorore
729 4119 900 4179 repeterent.
