3000 5168
511 563 632 668 (11)

46 731 169 820 Quelle
191 733 298 818 (149)
324 735 464 803 zuriiclr.
509 735 609 802 Auch
637 735 694 802 die
718 733 917 802 riimlschen
941 732 1097 816 Dichter,

46 847 77 910 in
99 857 212 912 erster
233 842 334 912 Llnie
358 839 465 926 ovnt,
498 842 626 930 folgen,
658 861 728 910 von
751 841 934 911 einzelnen
957 841 1097 909 colores

3 961 5 1050 ζ
44 950 248 1036 abgesehen,
286 955 333 1020 im
367 969 498 1037 ganzen
531 953 599 1020 wol
633 951 983 1037 mythographischer
1014 949 1099 1018 Tra·

3 1065 4 1118 l
45 1061 147 1128 ditinn
172 1059 289 1144 (150).

3 1249 4 1254 ,
83 1187 291 1272 impeditum
323 1206 408 1256 sane
445 1201 480 1255 et
515 1189 662 1256 arduum
700 1187 941 1272 explicationis
977 1202 1097 1270 genus.

3 1281 4 1298 ¹
45 1314 128 1379 quae
152 1299 183 1364 si
206 1315 292 1364 vera
314 1299 369 1381 sit,
402 1297 627 1366 metuendum
662 1315 706 1366 ne
729 1314 799 1364 non
822 1298 973 1380 optimae
996 1309 1097 1362 notae

45 1423 118 1473 esse
153 1405 339 1474 videantur
371 1423 460 1491 quae
490 1405 596 1474 hodie
618 1404 720 1474 nobis
743 1417 962 1489 opponantur
983 1405 1119 1487 istius,

46 1514 137 1582 modi
163 1514 466 1596 miscellaneorum
491 1515 640 1584 residua.
682 1515 776 1599 quin,
809 1527 845 1581 ut
867 1513 977 1582 verbo
1004 1530 1100 1581 com·

45 1623 188 1707 plectar,
225 1626 255 1690 si
289 1623 366 1694 talla
400 1624 634 1710 probarentur
669 1622 933 1708 fabularumque
970 1619 1099 1707 figurae

44 1734 134 1817 apud
166 1732 441 1818 mythographos
479 1734 568 1802 adeo
602 1731 769 1801 confusae
806 1730 1100 1816 conturbataequc

43 1854 188 1909 aetatem
211 1841 383 1925 tulissent,
416 1843 460 1910 de
483 1842 538 1910 his
561 1843 685 1910 studiis
714 1840 972 1926 desperandum
997 1853 1099 1908 esset.

43 1949 130 2030 bene
167 1948 293 2018 lactum
328 1951 423 2036 quod
457 1953 520 2020 ista
554 1948 662 2020 Crusi
700 1963 895 2018 commenta
932 1951 1099 2017 maiorem

43 2073 176 2142 partem
211 2057 295 2127 falsa
317 2074 408 2127 sunt.
452 2078 531 2128 nam
565 2073 602 2127 ut
622 2059 784 2128 alicunde
810 2061 943 2128 initium
967 2056 1100 2142 luciam,

43 2186 78 2234 ea
104 2186 198 2253 quae
220 2167 427 2238 scholiastes
449 2167 614 2254 Apolloni
637 2168 752 2237 Rhodi
776 2167 880 2252 (151)
903 2168 948 2236 de
970 2166 1101 2250 Phere7

43 2277 128 2360 cyde
158 2291 303 2346 testatur
331 2277 520 2346 abhorrent
549 2291 711 2346 anostra
740 2276 874 2345 fabulae
905 2275 1101 2344 conlorma-

42 2387 145 2454 tione.
165 2389 280 2472 itaque
292 2385 533 2472 Pherecydem
546 2387 663 2456 valere
676 2387 847 2455 iubemus.
863 2400 964 2470 atquc
977 2386 1099 2454 eadem

43 2513 152 2580 opera
169 2494 390 2565 Hellanicum
406 2497 608 2565 dimittimus
624 2499 754 2582 quippe
777 2498 836 2581 qui
857 2496 981 2564 eodem
998 2495 1101 2564 scho-¹

43 2604 141 2672 liaste
165 2619 253 2674 teste
275 2609 456 2691 scripserit
478 2605 653 2677 Cadmum
677 2607 799 2674 dentes
829 2607 965 2673 sevisse
988 2604 1099 2672 Marte

43 2713 196 2796 iubente,
230 2717 354 2799 quain
378 2734 416 2783 re
439 2733 518 2783 cum
541 2713 747 2797 Pherecyde
770 2711 858 2796 lacit,
891 2726 925 2781 et
950 2729 1099 2797 pugnam

42 2841 119 2890 cum
145 2820 279 2907 Spartis
308 2826 466 2892 omiserit
489 2823 603 2908 (152).
647 2824 731 2908 quid
753 2821 981 2907 Lysimachus
1008 2824 1101 2889 eius-

42 2949 107 3016 que
145 2928 206 3017 ὕλη
238 2930 474 3021 διαφωνοῦσαῖ
518 2951 581 3002 cur
614 2952 658 3001 cx
692 2951 734 3000 eo
769 2933 942 3016 pendeant
965 2929 1100 3015 mytho-

41 3041 165 3126 graphi
182 3069 185 3074 “
202 3044 432 3126 recentiores,
473 3046 532 3128 qui
574 3061 697 3111 omnes
739 3060 841 3108 unam
883 3025 1100 3126 eandemque

43 3148 182 3218 labulae
205 3148 350 3236 liguram
374 3151 564 3220 exhibent?
607 3151 700 3220 haud
722 3149 822 3220 facile
846 3150 987 3218 dixeris.

79 3293 150 3362 age
183 3279 249 3344 iam
284 3280 533 3363 investigemus
567 3296 656 3363 quae
689 3275 777 3346 fides
814 3279 857 3344 sit
894 3279 1100 3345 narrationis

41 3397 169 3468 poetae
192 3386 418 3455 Alexandrini
442 3390 541 3456 cuius
564 3389 690 3455 scrinia
713 3383 866 3454 Ovidius
897 3399 930 3455 et
952 3385 1101 3454 Nonnus

66 3574 198 3581 *—
949 3575 1101 3581 --—-.-

72 3688 156 3759 (149)
175 3690 316 3759 intellegit
327 3689 482 3760 Catalogos
492 3691 733 3747 Titanomachlam
744 3691 856 3747 Musaei
869 3691 1032 3773 limoniam,
1046 3690 1102 3746 lor·
1198 3735 1200 3742 .

40 3783 121 3829 tasse
143 3772 318 3844 Aegimlum.

71 3863 155 3935 (150)
173 3866 255 3922 lertio.
273 3868 393 3936 mythol.
411 3867 541 3924 Roscher
561 3884 585 3924 s.
603 3885 629 3923 v.
648 3868 777 3924 Kadmos
795 3868 826 3922 ll.
845 3884 871 3937 p.
888 3867 952 3924 826.

71 3955 155 4026 (151)
174 3957 214 4013 lll.
237 3958 308 4014 1178
320 3974 364 4030 sq.
390 3975 415 4015 v.
434 3960 510 4015 inira
528 3977 555 4030 p.
572 3961 617 4016 74.

70 4049 157 4118 (152)
174 4053 266 4107 schol.
285 4050 379 4120 Apoll.
398 4051 488 4108 Rhod.
507 4053 548 4108 lli.
570 4055 642 4108 1185
663 4053 825 4116 Ἑλλάνικος
841 4053 946 4126 μόνους
964 4053 1030 4122 φησὶ
1048 4052 1101 4103 τού·

39 4153 95 4195 τους
120 4135 175 4198 (sc
194 4137 421 4205 quinqueviros
440 4139 485 4206 qui
505 4138 677 4206 superstites
697 4137 825 4205 luerunt)
841 4137 1051 4207 patiemim.

864 4240 901 4293 ⁵⁸
