3000 5168
851 489 972 600 (⁴8)

383 664 498 732 steria.
541 661 708 732 haetenus
731 677 845 732 autem
866 666 1037 732 cecinisse
1052 663 1336 733 Alexandrinum
1365 684 1453 750 poe·

384 785 450 839 tarn
485 773 673 857 quominus
706 786 896 841 statuamus
919 774 1003 858 quid
1036 773 1175 842 obstat?
1218 777 1449 860 aptissimum

383 880 475 949 hunc
512 881 674 966 equidem
709 880 813 951 finem
848 883 955 967 epylli
989 902 1069 952 esse
1103 902 1194 951 reor.
1242 886 1299 950 sin
1336 883 1452 966 aliter,

384 991 563 1075 quomodo
580 992 767 1077 explanare
783 995 900 1076 possis
916 989 1086 1060 Ovidium
1103 993 1451 1076 metamorphoseon

385 1103 605 1185 expositione
637 1100 793 1168 absoluta
816 1103 940 1169 iterum
975 1102 1018 1168 ad
1041 1099 1159 1170 Solem
1192 1102 1343 1169 redire?
1392 1103 1452 1169 ad-

385 1211 527 1278 modum
563 1208 702 1278 difficile
735 1223 788 1278 est
819 1212 942 1279 videre
978 1230 1041 1279 cur
1063 1214 1140 1279 sine
1173 1225 1265 1278 certa
1290 1213 1449 1294 quadam

385 1337 487 1386 causa
510 1321 553 1386 ita
577 1317 717 1389 iecisset
739 1318 904 1403 nulloque
928 1319 1092 1403 exemplo
1115 1321 1288 1386 invitatus.
1319 1319 1394 1386 sed
1419 1323 1450 1386 in

385 1428 517 1512 singula
540 1429 785 1514 inquirendum
810 1443 872 1496 est.

427 1535 546 1605 scribit
561 1535 757 1605 Knaackius
779 1535 858 1621 (95)
882 1557 921 1606 se
944 1556 1014 1606 non
1037 1537 1167 1606 habere
1190 1556 1259 1622 quo
1277 1537 1449 1622 querelas

386 1643 580 1730 Clymenes
604 1645 732 1716 referat
755 1661 899 1716 testatus
922 1665 1042 1714 earum
1075 1648 1168 1731 apud
1191 1645 1367 1714 Nonnum
1394 1667 1449 1715 ce

386 1769 550 1841 terosque
566 1759 756 1842 scriptores
772 1775 862 1842 quos
878 1774 984 1840 supra
1000 1757 1136 1824 laudavi
1160 1757 1253 1825 nulla
1269 1775 1448 1842 apparere

385 1867 538 1950 vestigia.
572 1879 604 1932 at
627 1883 702 1933 mea
725 1865 867 1952 quidem
890 1868 1059 1933 sententia
1076 1863 1246 1933 Ovidium
1269 1863 1342 1932 hoc
1369 1865 1447 1934 loco

387 1971 515 2042 iontem
541 1977 715 2059 poeticum
740 1977 955 2042 contraxisse
978 1988 1112 2060 patere
1135 1993 1187 2042 vs.
1210 1978 1282 2041 333
1301 1993 1374 2059 sq:

535 2202 563 2250 at
581 2193 723 2263 Clymene
742 2201 894 2264 postquam
912 2195 981 2250 dixit
998 2208 1198 2264 quaecumque
1217 2193 1337 2248 inerunt

537 2280 566 2334 in
584 2279 671 2334 tantis
689 2279 810 2334 dicenda
827 2279 921 2345 malis,

387 2494 519 2564 collatis
543 2515 621 2565 cum
645 2497 785 2579 Metam.
808 2495 864 2565 lV.
886 2502 972 2565 251:

536 2715 684 2784 multaque
696 2722 899 2783 praequestus:
918 2721 1019 2783 tanges
1037 2721 1135 2768 tamen
1152 2713 1280 2781 aethera,
1298 2715 1381 2782 dixit,

387 2935 464 2984 nam
488 2914 544 2984 hic
567 2934 707 3000 quoque
730 2933 855 3000 poema
879 2914 1153 2984 Alexandrinum
1177 2916 1221 2983 de
1244 2913 1341 2984 Solis
1365 2936 1439 2985 eum

386 3023 587 3095 Leucothoe
632 3021 819 3109 Clytieque
863 3024 1041 3093 amoribus
1085 3025 1234 3093 subesse
1277 3027 1441 3095 viderunt

386 3133 650 3203 Mannhardtius
668 3133 746 3219 (96)
770 3147 804 3202 et
827 3133 978 3204 Crusius
1002 3131 1099 3218 (97);
1133 3134 1321 3220 utrobique
1351 3138 1438 3204 enim

386 3255 488 3327 poeta
511 3240 631 3326 longas
654 3243 891 3326 querimonias
921 3244 965 3309 ita
988 3244 1147 3312 omittere
1173 3243 1315 3311 videtur
1338 3258 1375 3312 ut
1397 3258 1439 3311 ta-

386 3370 466 3419 men
480 3349 619 3434 oblique
633 3364 666 3418 et
678 3349 896 3420 subobscure
909 3348 1078 3434 significet
1088 3370 1127 3419 se
1140 3370 1199 3419 eas
1215 3351 1345 3436 legisse
1353 3351 1437 3436 (98).

385 3523 434 3530 ...ι-

420 3607 481 3677 (95)
499 3609 516 3662 Ι.
535 3609 553 3662 l.
570 3623 596 3677 p.
615 3609 658 3662 45.

420 3702 477 3770 (96)
497 3702 601 3771 Klytia.
628 3703 734 3758 Berlin.
764 3703 842 3758 1875.
869 3717 895 3770 p.
919 3703 960 3757 to.

420 3795 477 3864 tat)
496 3795 586 3850 Ersch
604 3795 664 3850 und
683 3793 806 3862 Gruber‚
824 3795 996 3864 allgemeine
1014 3793 1224 3862 Encyctopadte
1243 3794 1295 3848 der
1311 3793 1433 3848 Wissen·

385 3879 520 3937 schaiten
539 3879 598 3934 und
617 3879 740 3947 Kiinste,
757 3895 780 3934 s.
798 3895 823 3933 v.
843 3879 939 3947 Klytia
956 3878 1060 3946 (1885).

420 3980 478 4048 (98)
497 3979 536 4034 ci.
555 3979 640 4033 etiam
667 3979 783 4034 Metam.
801 3979 869 4033 Xili.
887 3979 942 4034 480
954 3993 1027 4048 sqq,
1053 3978 1101 4032 ubi
1120 3977 1283 4046 Polyxenes
1311 3987 1432 4032 narratur

387 4063 572 4122 sacrificium:
