3000 5168
931 533 1050 644 (⁸⁰)

459 713 526 780 iam
549 729 618 780 non
642 713 675 778 in
700 707 854 796 Cretam,
876 710 940 779 scd
963 710 996 776 in
1020 707 1203 778 Boeotiam
1228 707 1408 777 deductam
1430 726 1482 774 esst

459 818 613 889 finxisse.
773 885 775 889 ,

500 931 711 998 revertimur
732 930 776 998 ad
792 925 962 998 Ovidium
986 942 1020 998 et
1041 927 1218 996 Nonnum.
1262 946 1410 1014 quorum
1430 945 1483 993 auc

459 1053 569 1107 torem
597 1040 663 1106 iam
687 1052 721 1108 ct
742 1041 857 1123 ipsum
881 1036 1029 1107 fabulam
1051 1037 1230 1123 vulgarem
1253 1050 1409 1107 secutum
1430 1055 1483 1104 esst

459 1149 684 1233 perspicuum
721 1161 782 1216 est.
827 1167 906 1216 nam
939 1149 1145 1216 narrationis
1178 1161 1279 1216 tenor
1311 1160 1403 1216 totus
1426 1163 1483 1213 con

459 1257 541 1324 cinit
564 1273 642 1323 cum
667 1254 928 1342 mythographis
951 1255 1216 1325 recentioribus.
1259 1257 1355 1324 velut
1387 1256 1484 1324 edeo

458 1383 535 1433 rum
577 1382 726 1433 numero
767 1361 905 1434 Cadmo
946 1361 1088 1434 affuisse
1128 1364 1324 1434 Minervam
1362 1360 1484 1434 Ovidius

458 1473 666 1543 bibliotheca
689 1472 897 1559 Apollodori
921 1473 1084 1560 Hyginus
1106 1473 1257 1543 Nonnus
1274 1473 1389 1559 (185),
1410 1475 1484 1559 parti

458 1583 524 1650 hus
557 1601 643 1668 quas
666 1581 891 1669 Pherecydes
925 1597 958 1651 et
992 1582 1196 1653 Hellanicus
1226 1583 1328 1652 Marti
1361 1582 1484 1652 tribuun

459 1693 611 1775 omissis,
633 1688 727 1760 fideli
750 1693 939 1761 concordia
955 1706 1123 1762 testantur
1137 1711 1273 1762 omnes.
1311 1712 1377 1761 una
1399 1706 1485 1760 tumet

458 1801 606 1870 notanda
622 1814 675 1870 est
690 1798 894 1870 differentia.
927 1801 1060 1871 scilicet
1075 1802 1234 1870 narrabat
1249 1815 1352 1888 poeta
1365 1801 1485 1870 Alexan

458 1911 580 1978 drinus
603 1907 778 1980 Cadmum
801 1910 929 1980 bovem
952 1929 1022 1981 non
1046 1913 1080 1979 in
1103 1910 1259 1980 Phocide
1287 1931 1314 1979 a·
1329 1911 1485 1996 Pelagontt

458 2021 597 2102 emisse,
619 2020 683 2088 sed
706 2022 819 2088 statim
842 2019 990 2106 Delphis
1014 2018 1205 2090 offendisse
1230 2019 1346 2106 (188).
1388 2039 1448 2105 qua
1468 2021 1485 2084 11

458 2147 496 2198 re
529 2131 701 2198 consentit
733 2148 813 2198 cum
835 2129 1023 2216 hypothesi
1045 2129 1321 2200 Phoenissarum
1345 2127 1440 2215 (187)
1470 2145 1486 2196 e

457 2237 643 2306 scholiastc
660 2237 825 2322 Aeschyli
842 2236 958 2322 (188),
982 2252 1019 2306 ut
1033 2251 1169 2308 constet
1191 2258 1272 2308 eum
1297 2259 1341 2310 ne
1357 2238 1420 2307 hoc
1434 2237 1486 2322 qui

458 2347 538 2414 dem
562 2345 652 2416 ultro
675 2348 863 2430 invenisse,
897 2347 977 2416 licet
999 2347 1082 2416 illud
1106 2351 1280 2434 antiquius
1304 2351 1357 2418 sit
1399 2350 1486 2431 itaqu

459 2454 542 2522 nihil
578 2457 694 2540 ipsum
718 2457 906 2525 innovasse
929 2471 1072 2542 apparet
1104 2459 1170 2526 nisi
1196 2458 1264 2526 hoc
1289 2472 1395 2526 unum
1417 2471 1486 2541 quot

458 2564 529 2632 duo
564 2564 897 2649 mythographorum
931 2568 1126 2636 testimonia
1160 2569 1250 2636 inter
1282 2587 1322 2637 sc
1345 2565 1487 2635 contrarii

460 2674 648 2755 coniunxit,
671 2672 729 2741 ubi
746 2671 918 2743 Cadmum
942 2688 976 2744 et
998 2675 1121 2744 molari
1145 2689 1179 2743 et
1194 2673 1289 2743 ferro
1307 2687 1487 2761 pugnanten

458 2781 546 2850 lecit.

1275 2975 1487 2991 ——n——ss-

490 3097 568 3165 (185)
587 3097 640 3154 Ον.
653 3099 769 3156 Metam.
783 3100 825 3155 111.
840 3101 887 3154 101
901 3116 964 3170 sqq.
986 3102 1053 3156 bibl.
1068 3101 1162 3170 Apoll.
1175 3101 1216 3157 lll.
1229 3103 1273 3156 23.
1298 3104 1369 3172 Hyg.
1383 3101 1434 3156 iah.
1448 3097 1487 3150 lli

459 3181 554 3236 Nonn.
574 3182 658 3239 Dion.
678 3182 724 3237 lv.
742 3185 873 3254 389sqq.

490 3280 566 3349 (188)
585 3283 701 3340 Metam.
719 3285 761 3340 111.
783 3287 815 3340 15
828 3299 872 3355 sq.
900 3285 1057 3342 Nonn.1V.
1076 3287 1128 3341 311
1145 3302 1187 3356 sq.

490 3382 565 3452 (187)
583 3385 652 3452 βοῦν
670 3387 699 3440 δὲ
718 3387 782 3440 κατὰ
799 3379 882 3459 τύχην
898 3384 996 3460 stipula.

489 3483 565 3552 (188)
583 3485 619 3539 od
637 3483 715 3556 Sept.
732 3487 801 3543 469:
827 3485 889 3541 ὅδὲ·
907 3488 972 3548 θεὸς
988 3491 1063 3542 εἶπεν
1079 3486 1149 3559 αὐτῷ
1171 3488 1236 3553 μετὰ
1257 3487 1284 3542 ad
1307 3487 1361 3543 ἀπὸ
1380 3487 1421 3541 τοῦ
1438 3487 1487 3555 lopo

456 3564 573 3630 Ιξελθεῐν
588 3570 624 3640 τῷ
641 3567 775 3640 εὑρεθέντι
792 3566 961 3626 ἀκολουθεῖν.
991 3570 1088 3644 εὑρέθη
1105 3575 1182 3636 βοῦς·
1205 3569 1354 3639 ἠκολούθει.
