3000 5168
521 536 643 641 (5))

40 703 300 772 Alexandrino.
328 708 391 774 sed
407 725 452 775 ex
467 707 634 792 Euripide
650 704 820 774 Ovidium
838 663 905 774 hoc
923 709 1108 775 retinuisse

41 834 86 881 ne
111 816 315 884 credideris
339 815 455 899 (115).

82 943 206 1026 itaque
230 945 264 1009 in
288 945 399 1027 prima
423 957 519 1027 parte
543 946 749 1010 narrationis
774 941 969 1010 Ovidianae
1004 942 1107 1010 lontis

40 1052 173 1133 poetici
213 1070 277 1118 nec
300 1051 378 1118 vola
402 1071 466 1118 nec
489 1054 672 1136 vestigium
702 1065 860 1136 apparet3
894 1050 998 1118 lontis
1033 1071 1107 1135 my·

42 1158 267 1244 thographici
285 1180 393 1227 unum
417 1174 508 1228 extat
531 1161 695 1228 indicium
714 1161 1025 1228 evidentissimum.
1059 1175 1108 1227 et-

42 1271 137 1334 enim
163 1267 348 1336 Phaethon
372 1283 469 1354 rogat
491 1289 616 1337 currus
640 1283 820 1354 paternos:

41 1487 71 1539 ll.
90 1489 128 1540 48
164 1485 261 1555 inquo
279 1485 359 1541 diem
377 1487 523 1556 alipedum
543 1489 590 1542 ius
608 1498 636 1541 et
653 1489 841 1542 moderamen
861 1501 1011 1556 equorum.

85 1704 156 1772 hoc
183 1724 254 1772 non
279 1707 422 1789 petitum
447 1725 526 1774 esse
560 1725 580 1774 e
603 1721 762 1791 poemate
785 1705 1023 1774 Alexandrino
1046 1707 1106 1774 de-

44 1828 241 1882 monstrant
256 1834 307 1882 vs.
324 1819 371 1882 80
383 1834 458 1900 sqq.
482 1815 540 1882 ubi
557 1815 721 1884 Phoebus
737 1815 843 1882 filium
861 1818 956 1900 signa
973 1816 1104 1887 zodiaci

45 1942 171 1990 cavere
204 1923 309 2007 iubet,
342 1927 441 2008 quasi
471 1943 623 1992 annuum
658 1928 723 1994 iter
749 1940 843 1993 esset
866 1923 1028 1992 facturus.
1072 1939 1105 1992 at

44 2032 233 2098 socordiae
267 2031 418 2099 hominis
451 2032 580 2116 aliquid
613 2033 764 2100 dandum
793 2047 854 2100 est.
900 2051 969 2099 non
1004 2050 1102 2118 nego.

45 2141 107 2207 sed
142 2140 270 2208 collato
305 2140 465 2209 Diodoro
501 2141 615 2225 (116),
652 2143 744 2227 apud
781 2162 885 2226 ouem
924 2141 1102 2210 Phaethon

45 2270 172 2320 currus
207 2267 371 2336 paternos
403 2259 484 2335 piar
516 2248 634 2338 ἡμέραν
667 2252 807 2335 obtinet,
842 2266 875 2320 et
902 2252 1036 2320 scholio
1060 2253 1103 2319 ad

47 2357 236 2444 Odysseae
248 2385 266 2445 ρ
277 2365 349 2428 208
363 2360 395 2443 (1
408 2359 478 2443 17),
493 2364 607 2444 quivis
624 2381 713 2428 unus
730 2364 918 2446 perspiciet
931 2359 1100 2433 Ovidium

46 2489 147 2536 suum
171 2471 209 2534 in
233 2470 321 2534 diem
345 2488 414 2536 non
438 2471 696 2554 imprudentem
719 2470 889 2536 adiecisse
912 2469 976 2536 sed
992 2483 1102 2536 trans·

48 2579 168 2647 tulisse
204 2599 223 2646 e
257 2563 452 2647 narratione
488 2579 730 2664 mythographi
769 2579 949 2646 cuiusdam
987 2578 1101 2662 (118).

79 2895 154 2961 (115)
173 2895 290 2949 Knaaclt
309 2897 326 2948 l.
345 2897 363 2948 Ι.
381 2910 406 2962 p.
425 2897 469 2949 28.

79 2987 313 3054 sswwssz

79 3079 155 3146 (117)
173 3077 216 3132 ἐπ’
235 3075 340 3147 ὀλίγον.

79 3171 154 3236 (118)
171 3173 295 3240 graviter
318 3187 411 3226 errare
430 3173 500 3227 mihi
519 3173 633 3226 videtur
658 3173 746 3226 lulius
765 3171 889 3238 Hoplea
908 3173 1100 3250 narrationem

49 3251 217 3310 Ouidianam
230 3257 417 3310 adulteratam
431 3271 499 3310 esse
512 3265 590 3310 ratus
600 3271 616 3309 a
626 3257 739 3310 duobus
752 3256 829 3321 viris,
842 3269 966 3323 quorum
979 3256 1100 3308 alterum

49 3349 245 3406 correctorem,
263 3341 385 3394 alterum
404 3340 638 3408 interpolatorem
658 3341 782 3407 appellat
799 3339 976 3406 (Programm
991 3339 1100 3392 Emden

51 3421 130 3476 1899:
157 3424 203 3477 die
229 3421 313 3476 Fahrt
339 3424 391 3477 des
410 3423 567 3477 Phaethon.
602 3422 690 3489 Ovid,
717 3422 832 3476 lrletam.
860 3423 894 3476 ll.
924 3422 1049 3488 1-400).
1086 3437 1101 3476 e

50 3506 260 3575 quadringentis
282 3507 360 3560 enim
378 3508 512 3561 versibus
531 3515 647 3561 centum
666 3516 694 3560 et
712 3507 866 3574 nonaginta
890 3521 948 3560 uno
969 3507 1101 3573 sublatis,

50 3589 163 3657 reliquis
181 3605 251 3644 vero
273 3605 325 3658 pro
342 3591 417 3644 virili
436 3600 515 3658 parte
533 3591 707 3644 coniecturis
734 3591 894 3657 personatis
913 3591 1031 3656 scilicet,
1057 3592 1100 3644 sic

51 3671 162 3728 demum
189 3689 293 3742 poema
312 3673 486 3729 Ouidianum
515 3676 543 3728 in
571 3676 725 3741 pristinum
747 3683 853 3728 statum
882 3689 915 3728 se
933 3675 1099 3728 restituisse

50 3757 202 3812 arbitratur.
237 3759 386 3813 contendit
408 3768 504 3812 autem
524 3758 661 3812 Ovidium
686 3760 777 3826 prohe
795 3760 942 3826 cognitum
961 3759 1098 3814 habuisse

51 3847 76 3890 et
92 3841 284 3910 descripsisse
297 3844 409 3896 caelum
428 3843 608 3897 homericum
628 3844 712 3910 quale
725 3841 829 3896 Crates
848 3843 876 3896 id
890 3857 959 3896 esse
977 3842 1100 3896 voluerit

52 3921 65 3973 l.
82 3938 105 3977 e.
123 3928 206 3994 quale
229 3941 330 3980 revera
348 3926 435 3982 luerit
455 3942 530 3982 saec.
548 3927 608 3980 XIV
627 3943 651 3980 a.
670 3926 704 3980 C.
723 3942 750 3980 n.
768 3926 806 3994 (p.
824 3927 880 3993 23),
907 3934 1098 3980 correctorem

51 4015 139 4063 autem
168 4019 237 4079 post
262 4010 419 4066 Ptolemaei
449 4012 604 4079 geographi
633 4021 755 4066 aetatem
782 4012 892 4066 vixisse
919 4025 1043 4077 eumque
1071 4009 1097 4062 id

53 4092 141 4157 egisse
159 4105 189 4149 ut
208 4096 321 4149 caelum
340 4097 374 4148 ad
393 4104 514 4150 aetatem
534 4095 619 4150 Ovidi
639 4096 878 4160 accommodaret,
902 4092 1097 4162 interpolatori

862 4195 896 4248 41
