3034 5176
510 519 628 624 (tt)

53 709 135 755 mur.
168 706 259 756 nunc
280 691 372 757 enim
393 689 701 757 demonstrandum
725 701 797 756 erat
817 691 991 756 neminem
1011 688 1095 756 haec

52 813 125 867 ante
157 797 354 882 Lycaonem
390 801 576 866 invenisse.
620 812 721 882 atque
751 797 988 866 Panathenaea
1021 801 1097 881 qui-

52 909 128 976 dem
155 907 237 974 dicit
263 909 415 991 scriptor
435 907 575 976 Theseo
605 908 745 976 demum
773 920 936 992 regnante
960 907 1096 974 condita

53 1036 143 1100 esse3
167 1030 265 1084 antea
287 1034 374 1084 vero
398 1015 506 1085 luisse
529 1016 705 1084 Athenaea
730 1014 819 1098 (73).
862 1016 926 1084 sed
949 1033 1095 1101 pergere

52 1125 194 1194 debebat
217 1127 403 1194 ostendere
427 1125 560 1210 Lycaea
588 1140 701 1194 tamen
723 1125 779 1193 vel
803 1124 989 1193 Athenaeis
1013 1129 1096 1192 anti·

53 1253 169 1317 quiora
192 1253 282 1302 esse.

89 1361 225 1428 tradunt
248 1375 361 1428 autem
379 1360 582 1429 Hellanicus
599 1360 769 1428 Androtio
787 1378 941 1427 marmor
955 1359 1094 1426 Parium

52 1467 279 1537 Philochorus
321 1469 362 1537 ab
404 1469 630 1537 Erichthonio
667 1468 904 1537 Panathenaea
945 1471 1095 1536 instituta

52 1597 126 1646 esse
149 1577 239 1662 (74).
288 1577 386 1647 facile
420 1581 522 1663 igitur
555 1593 607 1646 est
639 1579 761 1646 videre
794 1579 877 1662 quid
912 1578 1094 1645 exciderit:

51 1690 196 1772 scriptor
231 1690 290 1772 qui
324 1687 500 1756 Athenaea
534 1707 552 1755 a
585 1686 834 1755 Panathenaeis
867 1685 1096 1771 distinguebat

51 1795 130 1863 haec
151 1795 292 1865 Theseo
320 1795 416 1863 urbis
444 1797 627 1879 conditori,
660 1795 715 1863 illa
737 1794 962 1862 Erichthonio
990 1794 1095 1862 tribu-

51 1903 136 1987 ebat;
166 1904 428 1973 Erichthonium
456 1918 569 1973 autem
596 1905 700 1990 vulgo
732 1904 909 1973 constabat
931 1921 1094 1988 regnasse

51 2027 124 2095 post
135 2011 337 2098 Cecropem
353 2032 457 2097 quem
470 2012 641 2102 Lycaonis
657 2014 835 2099 aequalem
852 2012 931 2082 iacit
945 2016 1096 2097 scriptor

51 2123 136 2204 apud
158 2121 364 2191 Pausaniam
387 2123 603 2206 compilatus.

89 2244 298 2332 Olympicos
329 2262 443 2316 autem
472 2247 590 2330 ludos,
623 2249 753 2332 quippe
780 2249 839 2332 qui
869 2265 939 2314 non
966 2246 1008 2314 ab
1035 2247 1097 2314 ho·

52 2355 195 2423 minibus
230 2357 338 2424 seda
366 2357 432 2424 diis
466 2358 608 2424 instituti
642 2374 722 2424 esse
756 2355 965 2439 dicerentur,
998 2371 1098 2440 negat

52 2477 189 2548 propter
212 2465 247 2531 id
269 2468 384 2550 ipsum
409 2484 487 2532 cum
510 2463 656 2549 Lycaeis
679 2465 872 2548 comparari
897 2482 1013 2548 posse.

89 2609 362 2674 controversiam
395 2606 440 2674 de
473 2605 564 2674 ludis
596 2608 751 2690 agitatam
775 2607 903 2689 excipit
925 2605 1098 2690 Lycaonis

51 2732 123 2782 cum
147 2713 313 2800 Cecrope
337 2717 560 2800 comparatio,
582 2717 641 2799 qui
665 2713 810 2782 Athenis
834 2716 967 2797 primus
990 2713 1097 2782 homo

51 2827 200 2894 extitisse
223 2822 408 2893 ferebatur.
445 2826 503 2908 qui
527 2836 636 2892 aetate
659 2822 833 2907 aequales,
856 2822 1012 2890 moribus
1036 2825 1098 2890 im-

50 2949 146 3014 pares
175 2932 285 3001 iuissc
312 2934 483 3000 dicuntur.
527 2949 632 3016 quem
659 2929 775 2999 locum
804 2949 884 2998 cum
910 2930 1097 3000 Pausanias

50 3058 114 3108 non
143 3059 209 3126 per
235 3043 340 3129 φασὶν
363 3038 541 3130 Ἀρκάδες,
573 3041 637 3108 sed
667 3057 731 3124 per
759 3037 844 3106 δοκῶ
866 3040 902 3105 δὲ
922 3039 1021 3122 ἔγωγε
1042 3059 1098 3108 or-

50 3150 171 3233 diatur,
207 3148 293 3218 lonti
331 3149 576 3217 nihilominus.
598 3149 804 3217 tribuendus
838 3169 918 3218 esse
950 3149 1098 3217 videtur.

50 3258 316 3342 expectabamus
347 3261 439 3326 enim
470 3260 678 3342 scriptorem
713 3258 756 3325 de
791 3260 915 3326 ceteris
949 3260 1098 3326 inventis

50 3367 241 3435 locuturum
265 3366 374 3436 fuisse
397 3366 693 3451 quemadmodum
717 3367 823 3435 modo
846 3367 890 3435 de
914 3367 1004 3434 ludis
1028 3366 1098 3440 dis-

80 3659 135 3726 (7³)
153 3659 226 3714 istro
253 3674 369 3729 quoque
395 3668 470 3713 reste
496 3659 608 3713 scimus
634 3660 802 3726 opinionem
823 3657 947 3713 Athenis
969 3657 1097 3726 viguisse

51 3740 121 3796 ludis
134 3743 204 3798 oiim
218 3742 375 3798 Athenaeis
393 3757 500 3797 nomen
521 3742 623 3797 luisse.
646 3757 671 3797 v.
685 3743 822 3811 Harpocr.
836 3757 859 3798 s.
872 3757 898 3796 v.
911 3741 1097 3808 devenirem.

51 3822 146 3880 iniuria
164 3835 260 3881 autem
274 3827 476 3881 Wellmannus
495 3827 542 3888 (de
558 3826 630 3880 istro
643 3825 834 3881 Callimachio
852 3827 923 3880 diss.
935 3825 1097 3894 Gryphisw.

54 3909 118 3962 1886
135 3925 161 3978 p.
177 3911 239 3976 104)
259 3926 384 3979 eumque
405 3920 524 3964 secutus
543 3911 682 3964 Ernestus
701 3910 788 3964 Pluhl
810 3911 857 3976 (de
877 3910 1096 3963 Atheniensium

52 3995 159 4061 pompis
178 3998 269 4048 sacris
288 4009 313 4062 p.
326 3994 427 4062 20sq.)
445 3994 618 4048 Pausaniam
639 4008 673 4047 ex
691 3993 763 4047 istro
782 3994 908 4061 pendere
928 4001 1056 4046 sumunt.

82 4076 136 4143 (74)
154 4093 180 4131 v.
199 4078 229 4132 a.
247 4077 344 4145 nrum,
361 4077 379 4130 1.
397 4078 414 4131 1.
434 4092 459 4145 ρ.
475 4078 521 4132 aa.
