3000 5168
858 482 977 592 (⁴⁴)

389 653 503 723 labula
536 654 580 723 de
613 654 773 741 Pythone
806 659 925 725 occiso
958 659 1117 726 similiter
1143 661 1315 744 exposita,
1357 662 1455 729 addit

389 763 588 849 Apollinem
610 764 743 850 Pythiis
767 779 912 850 propter
933 770 1113 836 victoriam
1138 783 1269 854 partam
1296 772 1454 838 conditis

388 876 541 942 victores
563 873 661 943 lauro
685 893 886 944 coronasse.

432 997 585 1053 ceterum
600 982 768 1053 Ovidium
785 986 903 1054 ambas
916 985 1047 1055 labulas
1063 989 1156 1072 apud
1168 989 1454 1074 mythographos

390 1095 591 1161 coniunctas
624 1093 750 1179 legisse
783 1095 839 1162 vel
873 1096 1004 1164 idcirco
1042 1097 1221 1182 probabile
1258 1111 1314 1165 est
1354 1099 1454 1183 quod

391 1201 530 1270 alteram
556 1202 616 1287 (de
638 1203 825 1288 Pythone),
859 1208 925 1273 nisi
949 1205 1090 1274 alterius
1113 1208 1288 1292 appendix
1312 1205 1455 1290 luisset,

389 1313 450 1378 vix
472 1331 511 1379 ac
546 1331 590 1382 ne
612 1315 673 1380 vix
695 1313 836 1396 quidem
860 1317 894 1381 in
919 1316 1077 1384 ordinem
1114 1318 1317 1400 recepisset.
1369 1318 1454 1402 quid

392 1423 484 1490 enim
508 1422 675 1489 adrem?
719 1422 811 1490 nulla
835 1426 924 1502 inest
947 1423 1249 1509 metamorphosis.

433 1532 584 1614 denique
607 1531 693 1600 haec
717 1552 857 1618 quoque
880 1536 1037 1617 quaestio
1061 1537 1171 1602 oritur
1198 1536 1281 1620 quid
1305 1537 1451 1603 tandem

391 1655 528 1726 poetam
567 1645 782 1726 permoverit
814 1658 850 1710 ut
886 1663 904 1710 a
942 1643 1073 1712 diluvio
1106 1644 1149 1710 ad
1181 1642 1385 1728 Pythonem
1423 1659 1454 1712 et

392 1749 564 1835 Daphnen
598 1754 778 1821 transitum
813 1750 951 1822 laceret.
996 1773 1074 1822 nam
1108 1753 1192 1820 illud
1215 1755 1332 1836 quivis
1357 1774 1451 1821 unus

391 1873 516 1944 sponte
554 1859 727 1946 intelleget
763 1881 891 1930 nexum
925 1881 996 1947 quo
1029 1881 1115 1930 usus
1149 1875 1211 1945 est,
1243 1875 1280 1928 ut
1313 1863 1452 1930 scilicet

391 1967 586 2052 Pythonem
610 1971 700 2038 inter
721 1969 878 2039 animalia
901 1969 1010 2038 luisse
1033 1970 1203 2038 scriberet
1224 1989 1314 2055 quae
1337 1970 1450 2040 Terra

393 2080 591 2162 peperisset
627 2093 707 2164 post
743 2079 923 2163 diluvium,
960 2082 1027 2165 ipsi
1061 2078 1197 2148 deberi:
1235 2098 1448 2165 quamquam

393 2185 587 2271 Pythonem
612 2186 718 2256 lilium
734 2187 884 2256 Telluris
901 2178 980 2258 esse
1007 2191 1107 2257 etiam
1133 2207 1177 2257 ex
1204 2187 1349 2274 Hygino
1369 2189 1448 2273 (88)

393 2309 512 2364 notum
533 2310 608 2380 est.
652 2311 684 2364 at
706 2299 885 2382 quomodo
918 2296 1049 2365 fabulas
1083 2311 1150 2365 tam
1175 2298 1335 2366 diversas
1358 2301 1450 2368 inter

393 2425 432 2474 se
455 2405 645 2475 cohaerere
668 2406 850 2474 dicamus?
894 2409 924 2474 si
954 2425 1010 2474 me
1036 2407 1146 2490 audis,
1179 2406 1274 2474 nullo
1298 2425 1449 2492 prorsus

392 2515 533 2583 vinculo
558 2519 761 2584 coniunctae
776 2513 926 2584 luerunt.
939 2551 942 2557 ·
953 2519 1007 2584 sin
1023 2519 1224 2602 quaerimus
1240 2535 1331 2601 quae
1347 2537 1450 2587 causa

395 2623 564 2694 Ovidium
589 2627 765 2712 impulerit
787 2641 824 2694 ut
846 2627 913 2694 hoc
936 2629 1155 2712 potissimum
1174 2627 1300 2695 ordine
1316 2625 1449 2695 fabulas

393 2755 474 2804 suas
509 2749 711 2821 exponeret,
744 2737 1088 2804 animadvertendum
1123 2749 1176 2805 est
1210 2738 1244 2802 in
1267 2733 1384 2804 fabula
1408 2737 1447 2804 de

394 2845 525 2913 diluvio
549 2844 708 2930 Delphos
736 2847 1004 2914 commemorari
1038 2858 1072 2912 et
1100 2843 1280 2914 oraculum
1305 2843 1447 2930 Delphi-

396 2974 491 3023 cum:
510 2969 543 3023 et
558 2953 753 3038 Pythonem
771 2954 918 3040 Delphis
935 2956 1057 3022 occidi.
1089 2952 1164 3022 lieri
1180 2967 1296 3038 potest
1312 2969 1351 3022 ut
1372 2975 1444 3023 curn

394 3068 428 3132 in
453 3063 565 3133 iabula
600 3067 644 3134 de
678 3066 809 3134 diluvio
832 3067 1042 3150 scripsisset,
1075 3067 1164 3132 sicut
1197 3077 1230 3132 et
1256 3080 1444 3150 acceperat,

394 3172 543 3241 Themin
568 3172 714 3258 Delphis
738 3173 943 3242 Deucalioni
978 3187 1011 3240 et
1033 3171 1188 3257 Pyrrhae
1222 3186 1356 3240 sortem
1391 3174 1445 3240 de·

304 3359 307 3364 ,
395 3283 667 3365 disseminatus
691 3302 754 3350 cur
776 3301 845 3350 non
869 3281 1022 3367 Apollini
1046 3281 1113 3349 hoc
1137 3299 1264 3348 munus
1280 3281 1444 3350 tribuere·

394 3406 460 3474 tur,
484 3392 527 3459 de
543 3394 658 3477 prisca
671 3391 832 3477 Delphici
850 3390 980 3459 oraculi
997 3390 1139 3458 historia
1155 3389 1442 3476 mythographum

812 3549 931 3554 ..—..--—
938 3549 1009 3553 ...-..-
1016 3549 1038 3552 .-
1085 3548 1108 3552 .-.
1143 3549 1149 3551 .
1163 3547 1226 3552 -.μ-ψ
1237 3547 1242 3551 -
1250 3547 1305 3551 -—-.
1316 3548 1326 3551 -
1335 3547 1443 3554 .——-.

393 3626 466 3694 τιμὴν
482 3627 577 3698 τέχνην
592 3624 644 3680 ὕπὸ
660 3627 705 3678 τοῦ
722 3625 818 3686 Πανός.
846 3633 875 3680 et
891 3627 977 3694 paulo
995 3638 1095 3694 supra}
1113 3623 1306 3696 ἑπιοφθόγγον
1322 3623 1353 3677 δὲ
1371 3623 1444 3692 αὐτὴν

395 3715 517 3777 ἐποίησεν
536 3711 587 3777 (se.
604 3729 649 3777 την
663 3712 746 3782 χέλυν
759 3707 914 3776 Ἀπόλλων)
934 3707 1123 3782 ἁρμοσάμενος
1141 3709 1208 3778 πρὸς
1224 3707 1275 3774 miv
1292 3709 1338 3761 τοῦ
1357 3707 1443 3768 Πανὸς

394 3795 510 3866 σύριγγα
526 3791 558 3848 ot’r
575 3797 620 3848 τοῦ
632 3793 733 3868 Ἑρμοῦ
750 3795 795 3847 καὶ
813 3794 984 3861 Πηνελόπης,
1005 3793 1072 3847 ἀλλὰ
1089 3794 1134 3846 τοῦ
1151 3793 1275 3852 Athritai
1294 3791 1441 3866 Θύμβρεως.

429 3879 477 3948 qui
499 3880 586 3947 vulgo
608 3887 743 3947 parentes
765 3878 850 3932 Panis
874 3893 941 3933 esse
965 3879 1104 3944 ferantur,
1128 3893 1155 3930 v.
1173 3876 1247 3944 apud
1270 3875 1439 3930 Mitnzelium

395 3971 506 4032 quaest.
525 3964 666 4031 mythogr.
685 3978 712 4030 p.
734 3962 766 4016 10
778 3977 841 4030 sqq.

428 4065 486 4133 (ss)
506 4063 563 4118 ras.
585 4063 644 4118 140.
