3000 5168
510 535 630 645 (at)

45 709 149 776 bello
166 707 319 776 TroIano
344 727 456 792 usque
479 709 521 776 ad
544 708 689 776 alterurn
709 707 839 776 bellum
855 708 1112 777 MessenIacum

47 819 244 902 regnarint.
288 817 376 884 hanc
410 819 524 900 quivis
548 819 698 885 recentIs
731 819 849 885 aetatis
873 836 952 884 esse
976 817 1113 886 HiIlero

48 926 247 1009 concedet;
270 924 362 993 illam
385 944 526 1010 quoque
550 945 569 993 e
592 924 726 994 Rhiano
750 928 784 993 in
807 925 1012 994 Pausaniam
1035 945 1114 1012 per·

49 1038 205 1104 venisse
238 1035 331 1103 idem
365 1038 480 1102 minus
514 1048 609 1103 recte
632 1037 827 1104 coniecisse
861 1035 943 1102 rnihi
966 1037 1113 1103 videtur.

47 1163 161 1229 quarn
202 1163 241 1211 re
273 1162 357 1211 vera
391 1163 461 1210 non
485 1145 716 1212 recentiorem
751 1161 830 1212 esse
854 1157 950 1228 parte
972 1160 1115 1228 geogra-

48 1254 159 1339 phica
196 1254 332 1320 iamiam
356 1250 615 1320 confirmabitur
648 1251 749 1319 nobis
784 1255 817 1318 in
847 1252 951 1320 huius
973 1271 1114 1336 quoque
1237 1299 1238 1302 ,

48 1365 164 1448 partis
188 1375 333 1430 aetatem
357 1361 621 1446 inquirentibus,

94 1472 195 1557 apud
211 1469 416 1539 Pausaniam
440 1469 518 1554 (56)
543 1484 771 1538 recensentur
791 1471 919 1555 oppida
946 1469 1114 1537 Arcadica

32 1601 68 1664 ,a
94 1579 180 1646 liliis
204 1577 376 1662 Lycaonis
399 1579 537 1646 condita
564 1597 711 1646 numero
733 1577 856 1645 XXVII
879 1597 1029 1662 quorum
1053 1597 1115 1646 no-

49 1692 147 1756 mina
172 1688 260 1756 haec
282 1703 377 1755 sunt:

93 1793 351 1880 ’(’Παλλάνιιον
369 1793 629 1884 (Ὀρεσθάσιον
645 1796 787 1877 Φιγαλία
802 1794 973 1879 (Θακνία
991 1793 1115 1879 ’(Ἀκα-

51 1906 167 1991 κήσιον
200 1901 409 1989 ’(’Ἕλιοσοίν
439 1903 467 1988 ¹1·
495 1911 652 1991 Μακαρία
683 1903 711 1987 ’(·
736 1909 849 1970 Δασέα
880 1903 908 1988 ’(·
935 1904 1116 1991 Τραπεζοῦς

51 2015 80 2099 I·
116 2013 317 2100 Μεθύδριον
352 2011 548 2101 Ὀρχομενός
584 2014 767 2080 Μελαινεαί
803 2010 934 2104 Ὑψοῦς
973 2019 1116 2100 Θοροιτον

53 2125 222 2207 Αἱμονιαί
249 2122 427 2189 Μαίναλον
454 2125 555 2202 Τεγέα
581 2127 767 2187 Μαντίνεια
793 2120 821 2204 ’)·
844 2123 973 2208 Κρῶμοι
997 2120 1024 2204 ⁴1‘
1047 2129 1114 2186 Χα-

52 2240 144 2319 ρισία
167 2232 198 2316 ’1'
216 2227 411 2320 Τρικόλωνοι
432 2229 459 2313 ’(·
479 2234 655 2317 Περαιθεῖς
676 2229 703 2313 ’(·
721 2227 830 2296 Ἀσέα
846 2229 924 2314 (57)
947 2229 975 2313 '1‘
998 2227 1116 2296 Λυκόα

55 2341 83 2425 ’(·
106 2347 281 2426 Σουματία
305 2339 333 2423 ’Ῑ·
353 2337 521 2428 Ἀλίφηρα
545 2337 714 2425 (Ἡραία.

101 2488 148 2537 ex
172 2468 229 2535 his
251 2465 374 2534 XXVII
397 2466 537 2550 oppidis
560 2464 651 2532 XVII
677 2485 766 2550 quae
799 2468 966 2535 asterisco
990 2468 1115 2547 notavi,

59 2576 188 2645 incolis
226 2574 462 2660 Megalopolin
499 2575 542 2642 ad
580 2593 706 2642 novam
740 2574 863 2642 urbem
898 2575 1115 2642 condendam

57 2684 241 2770 proiectis,
269 2687 436 2752 maiorem
460 2697 591 2768 partem
616 2684 753 2752 deserta
777 2687 950 2752 interiisse
974 2697 1117 2751 testatur

58 2794 251 2864 Pausanias
275 2793 365 2878 (58).

100 2903 312 2972 bibliotheca
346 2903 554 2988 Apollodori
587 2917 717 2985 autem,
750 2921 839 2986 quae
873 2903 1116 2985 quinquaginta

59 3012 151 3081 lilios
167 3013 341 3097 LycaonIs
363 3014 460 3079 novit
483 3010 573 3095 (59),
596 3014 685 3078 inter
704 3010 904 3077 conditores
921 3026 1117 3092 eponymos

60 3123 224 3190 locorum
256 3120 425 3189 Arcadiae
458 3119 489 3187 V
516 3134 645 3188 tanturn
670 3133 839 3202 recenset,
872 3137 1022 3202 quorum
1056 3136 1118 3184 no-

60 3233 153 3298 mina
175 3229 208 3297 V
231 3230 371 3315 oppidis
395 3249 439 3297 ex
461 3229 515 3296 his
538 3227 629 3295 XVII
652 3227 881 3313 respondent:

97 3337 211 3406 Ἕλικα
235 3337 313 3422 (60)
350 3343 509 3424 Μακαρέα
541 3335 723 3404 Πάλλαντα
754 3333 880 3403 Λύκιον
904 3335 982 3420 (61)
1013 3334 1114 3402 ’All-

60 3472 173 3536 φηρον.

96 3682 154 3749 (56)
173 3682 245 3737 VIII.
262 3684 288 3736 3.

96 3764 154 3832 (57)
172 3766 306 3821 traditum
326 3773 371 3820 est
384 3763 468 3819 Ἀλέα.
495 3780 566 3820 corr.
585 3765 717 3820 Bursian.

97 3848 153 3916 (58)
172 3850 240 3903 VIII.
258 3849 303 3904 27.

97 3932 155 3999 (59)
174 3933 216 3988 III.
233 3933 270 3988 96
282 3949 326 4001 sq,
356 3947 445 3987 unum
465 3948 572 3988 nomen
592 3935 703 3988 excidit.

97 4016 155 4084 (60)
175 4017 260 4072 Paua.
274 4015 431 4071 Ἑλισσόντα.

99 4100 156 4167 (61)
175 4103 250 4170 apud
268 4102 350 4158 Paua.
367 4104 473 4157 excidit
494 4117 601 4156 nornen
621 4102 777 4156 conditoris
797 4101 917 4168 Lycoae.
