3000 5168
867 497 989 606 (⁵⁰)

402 671 515 740 adhuc
538 670 788 742 demonstravit
805 670 919 756 (102).
963 686 1119 740 ceterum
1135 671 1218 740 noio
1241 671 1449 740 committere

402 794 563 866 utquam
598 797 662 866 ego
687 783 795 850 reicio
830 783 1034 850 sententiam
1059 780 1235 852 Knaacitio
1270 780 1449 849 obtrudere

435 1014 512 1084 (102)
530 1024 608 1070 certe
620 1017 702 1070 iocus
716 1031 802 1084 quern
818 1015 981 1070 Knaaciius
995 1014 1165 1070 Santeniuru
1178 1024 1329 1069 auctorem
1344 1025 1450 1069 secutus

401 1100 435 1152 ad
455 1100 528 1153 itanc
546 1101 718 1154 sententiam
743 1101 919 1167 probandam
942 1101 1035 1154 attulit
1057 1115 1117 1154 rem
1143 1114 1200 1153 non
1224 1110 1314 1153 secat.
1353 1101 1450 1152 scilieet

401 1185 566 1251 composuit
583 1183 699 1238 Metam.
718 1183 749 1237 X.
766 1185 815 1237 8³:

400 1273 451 1326 itte
469 1273 561 1328 etiarn
579 1273 632 1342 (sc.
646 1273 796 1342 Orpheus)
818 1274 967 1328 Thracum
981 1273 1109 1342 prqmttr
1125 1273 1190 1343 suit
1202 1276 1312 1327 urtetor·
1330 1290 1448 1327 antor-nl

400 1358 434 1411 ita
454 1360 571 1411 teneros
590 1357 761 1426 transferre
778 1372 888 1423 marea,

402 1465 466 1504 cum
487 1449 566 1505 Stob.
579 1451 650 1505 Flor.
669 1450 759 1505 Llllv.
776 1452 817 1504 it.
831 1451 857 1506 9.
886 1453 1068 1512 Φανοκλέους·

601 1533 760 1603 (Orpbeus)
780 1537 883 1606 πρῶτος
899 1536 987 1599 δεῖξεν
1005 1537 1048 1589 ἐνὶ
1068 1533 1216 1609 Θρῄκεσσιν
1233 1537 1334 1607 ἔρωτας

600 1638 726 1691 “ophitas‘-

434 1721 528 1789 qualis
547 1720 624 1774 enim
644 1721 691 1774 hic
715 1729 760 1774 est
783 1721 938 1776 verborum
963 1719 1146 1776 concentus?
1173 1720 1291 1774 nonnisi
1314 1719 1449 1774 lortuitan

402 1804 545 1872 quandam
572 1804 779 1858 vocabulorum
806 1805 1026 1859 similitudinem
1054 1805 1225 1872 conspicere
1253 1805 1326 1858 milti
1355 1805 1450 1862 videor,
1481 1855 1482 1858 ,

400 1889 502 1957 quales
521 1889 685 1943 sexcenties
703 1890 844 1956 oriuntur,
870 1890 964 1943 sicubi
982 1889 1040 1942 bini
1059 1889 1195 1943 homines
1213 1888 1317 1942 eadem
1338 1888 1450 1956 propriis

400 1973 497 2027 verbis
516 1972 648 2026 efferunt.
684 1977 724 2027 rei
748 1981 844 2026 autom
869 1972 944 2040 apud
970 1981 1125 2041 utrumque
1142 1972 1315 2039 scriptorem
1335 1985 1451 2026 comme

402 2065 529 2111 moratae
548 2071 713 2112 consensus
740 2057 808 2126 quid
835 2056 960 2124 probat?
990 2057 1057 2125 quid
1077 2065 1122 2112 est
1139 2070 1191 2110 cur
1208 2055 1391 2111 Phanoeietn
1409 2058 1451 2110 hoc

402 2141 550 2195 invenisse
576 2142 623 2194 vel
649 2139 787 2194 Ovidium
814 2141 870 2194 hoc
893 2155 910 2194 a
935 2140 1080 2194 Phanocie
1106 2141 1257 2207 accepisse
1283 2139 1451 2194 credamus?

401 2238 575 2293 quamquam
595 2224 715 2278 minime
727 2239 801 2292 nego
814 2224 874 2278 lieri
889 2238 979 2291 posse
991 2233 1021 2278 ut
1033 2239 1134 2278 verum
1148 2224 1282 2278 divinarit
1294 2222 1451 2288 Sanrenius,

402 2322 468 2362 cunt
487 2307 640 2362 Phanoclis
658 2323 762 2376 poema
780 2308 816 2361 de
835 2307 955 2376 Orpheo
973 2308 1168 2363 clarissimum
1189 2307 1285 2364 luerit.
1482 2369 1483 2388 χ

433 2393 503 2448 libet
514 2393 569 2446 hoe
582 2393 646 2446 loco
658 2391 763 2446 ailerre
775 2407 808 2448 ea
821 2407 895 2461 quae
908 2391 1033 2446 Samson
1046 2392 1152 2446 Eitrem
1165 2393 1200 2446 ad
1214 2391 1307 2460 Cycni
1328 2391 1447 2446 iabulan

399 2476 544 2532 adnotavit
561 2475 664 2530 Philol.
685 2477 754 2530 1899
773 2491 798 2545 p.
811 2477 878 2530 402:
909 2476 1049 2543 „Ovidius
1073 2477 1102 2530 in
1122 2475 1213 2544 Cycni
1240 2476 1341 2530 tabula
1361 2476 1448 2530 tontes

400 2562 570 2615 commiscet
582 2561 628 2614 vel
641 2562 737 2628 potius
750 2561 779 2614 in
794 2577 883 2615 unum
904 2560 1021 2627 conflat3
1039 2561 1111 2614 duas
1130 2561 1207 2614 enim
1222 2574 1327 2614 causas
1348 2560 1449 2628 profert

294 2635 298 2644 “
400 2643 495 2698 luctus
513 2643 605 2711 Cycni
628 2643 694 2710 (368
707 2643 774 2713 sq.):
804 2641 858 2712 qui
880 2642 937 2698 ta'ha‘
954 2646 1092 2697 materno
1109 2640 1250 2712 quamvis
1267 2659 1288 2695 a
1306 2641 1448 2712 sanquine

398 2725 523 2781 iunctus
544 2729 642 2781 mente
661 2730 769 2792 tumen,
787 2727 952 2792 Phaethon,
974 2725 1105 2796 propior
1124 2725 1198 2795 satit.
1233 2727 1320 2796 Verg.
1340 2727 1448 2796 quiden

400 2810 482 2874 (hen.
494 2812 525 2864 X.
542 2812 593 2866 189
602 2811 656 2880 sq.)
675 2827 741 2868 cunr
760 2814 851 2866 schol.
864 2813 899 2867 ad
919 2814 936 2866 l.
949 2812 1082 2881 Cycnum
1095 2820 1251 2866 amatorem
1266 2811 1448 2866 Phaethontis

400 2895 532 2962 perhibet
549 2895 724 2950 Phanoclem
745 2905 864 2950 secutus
885 2911 972 2965 quem
992 2895 1045 2950 Ov.
1065 2909 1180 2964 quoque
1199 2905 1350 2950 auctorem
1371 2898 1448 2963 potio·

400 2992 461 3032 rent
480 2981 575 3042 habet,
593 2979 666 3049 Hyg.
685 2993 754 3033 vero
773 2979 804 3047 (i.
826 2979 888 3047 154)
908 2981 951 3034 sic
969 2979 1064 3034 tradit:
1095 2978 1216 3047 Cycnus
1232 2993 1290 3032 reos
1308 2977 1448 3047 Liporiae

400 3059 455 3130 qut
470 3061 536 3131 sarit
552 3061 734 3117 Phaethonti
747 3061 957 3132 propinquus,
983 3064 1056 3116 dum
1074 3062 1162 3131 deflet
1176 3060 1399 3132 propinquum,
1422 3061 1448 3116 in

399 3159 531 3212 cypreum
548 3161 711 3201 coerceretis
728 3147 799 3202 est.“

434 3231 527 3297 ipsum
547 3231 683 3286 Ovidium
712 3232 809 3286 tontes
837 3233 1030 3286 commiscere
1056 3233 1116 3286 veri
1135 3232 1279 3285 dissimile
1299 3241 1354 3286 est.
1390 3232 1448 3300 quid

401 3314 509 3381 igitur?
538 3316 786 3370 concludamusne
813 3331 937 3370 necesse
965 3325 1010 3370 est
1036 3315 1173 3370 Ovidium
1201 3331 1217 3368 e
1244 3317 1449 3383 mythographo

400 3399 528 3465 pendere
554 3401 642 3454 simili
670 3399 782 3454 scilicet
810 3403 921 3455 ratione
947 3401 1002 3466 usi,
1029 3415 1114 3469 quant
1143 3415 1230 3468 supra
1257 3401 1286 3453 in
1315 3399 1449 3470 Daphnes

402 3481 498 3538 iabuia
516 3485 607 3540 secuti
629 3484 757 3539 sumus?
787 3486 921 3554 equidem
951 3483 1043 3539 iateor
1069 3499 1116 3537 me
1143 3484 1320 3552 aliquamdiu
1349 3485 1379 3538 in
1406 3485 1450 3537 hac

401 3569 570 3634 quaestione
588 3569 729 3635 haesisse,
750 3570 803 3623 sed
832 3569 908 3624 ieiici
936 3585 1005 3623 casu
1025 3569 1232 3622 dubitationem
1252 3568 1324 3622 milri
1346 3581 1451 3622 exeme

400 3661 467 3707 runt
492 3652 556 3720 ipsa
574 3651 689 3706 Eitremi
716 3654 816 3706 verba:
846 3667 959 3721 „neque
982 3661 1080 3706 tamen
1098 3652 1183 3706 video
1201 3652 1352 3719 quomodo
1372 3652 1450 3706 Phae

401 3737 509 3792 thontls
527 3737 556 3791 in
570 3735 699 3805 Aegypto
718 3738 861 3792 versantis
879 3745 990 3791 amator
1008 3751 1057 3790 rex
1070 3736 1201 3804 Liguriae
1220 3750 1288 3788 esse
1308 3733 1450 3803 potuerit·

401 3820 469 3889 quid
499 3821 633 3875 censes?
676 3835 774 3874 nonne
806 3835 921 3875 mecum
953 3821 1047 3874 credis
1074 3828 1207 3887 poetam,
1244 3820 1294 3886 qui
1323 3818 1448 3888 Cycnum

401 3903 586 3958 Phaethontis
609 3918 709 3958 amore
727 3906 788 3972 capi
807 3905 907 3972 vellet,
933 3905 1052 3958 linxisse
1073 3917 1139 3958 eunt
1161 3901 1324 3970 Clymenes
1344 3903 1448 3971 propin-

400 4002 490 4057 quum
510 3987 604 4042 luisse
624 3996 655 4042 ut
672 4001 770 4055 regern
789 3988 920 4057 Liguriae
938 4002 1003 4044 cunt
1029 3987 1250 4042 adulescentulo
1269 3987 1449 4055 congredien-

399 4081 458 4127 tem
478 4071 608 4126 iaceret?
