3000 5168
858 514 978 623 ((8)

436 688 524 756 levis
554 688 784 772 discrepantia
812 690 845 754 in
874 705 916 754 eo
941 689 1103 768 cernitur,
1126 685 1222 770 quod
1244 686 1338 770 apud
1363 681 1446 752 Ovi-

395 797 490 866 dium
514 795 653 864 Metam.
681 801 763 863 115:

494 1007 610 1060 territus
629 1007 713 1060 hoste
731 1019 806 1060 novo
825 1005 955 1060 Cadmus
974 1019 1077 1074 capere
1094 1019 1174 1058 arma
1192 1005 1316 1072 parabat,

436 1209 528 1294 apud
544 1207 710 1277 Nonnum
725 1227 811 1276 vero
828 1207 956 1275 multos
972 1227 1035 1275 sua
1052 1225 1155 1274 manu
1172 1207 1318 1274 trucidat
1335 1205 1448 1290 (142).

395 1317 567 1403 aliquanto
589 1320 729 1402 gravior
751 1316 806 1385 illa
829 1331 891 1400 est,
914 1317 1009 1402 quod
1029 1317 1121 1402 apud
1139 1313 1308 1390 Ovidium
1325 1329 1450 1400 sponte

396 1428 510 1493 existit
532 1425 660 1493 bellum
684 1428 773 1493 inter
795 1423 929 1508 iratres,
952 1424 1044 1510 apud
1067 1423 1233 1492 Nonnum
1256 1442 1344 1492 vero
1370 1424 1452 1509 lapi·

396 1535 450 1602 dis
473 1538 561 1602 iactu
585 1537 655 1603 irae
677 1532 946 1618 Terrigenarum
969 1536 1162 1602 excitantur
1186 1532 1300 1617 (143).

438 1652 492 1720 his
515 1651 678 1719 omnibus
702 1651 884 1736 diligenter
910 1653 1095 1737 perpensis
1119 1650 1263 1720 dublum
1287 1669 1369 1719 esse
1393 1669 1453 1718 ne·

396 1764 468 1847 quit
500 1765 583 1847 quin
611 1759 743 1830 Ovidio
777 1775 810 1829 et
837 1761 966 1828 Nonno
989 1759 1100 1828 subsit
1134 1759 1211 1828 lons
1245 1764 1454 1843 communis,

397 1871 550 1956 epyllion
573 1870 735 1938 videlicet
758 1869 1043 1938 Alexandrinum.

440 1999 483 2066 de
500 1995 626 2067 Cadmi
643 2011 676 2066 et
693 1996 906 2065 Harmoniae
923 1996 1197 2080 metamorphosi
1215 1994 1332 2080 (144),
1349 2015 1454 2082 quam

397 2109 510 2175 eidem
544 2105 629 2174 fonti
652 2105 889 2176 Alexandrino
924 2125 979 2174 me
1002 2124 1072 2174 non
1096 2105 1248 2174 tribuere
1278 2107 1339 2172 vix
1362 2123 1456 2190 opus

397 2229 450 2284 est
483 2233 639 2297 monere,
671 2213 778 2284 Crusl
814 2213 917 2298 (145)
941 2217 1110 2282 sententia
1147 2216 1456 2299 praetermittenda

398 2343 467 2391 non
491 2338 543 2393 cst
567 2321 735 2392 Ovidium
759 2343 777 2390 a
801 2338 902 2408 poeta
926 2321 1066 2392 Graeco
1101 2325 1306 2392 recentioris
1334 2326 1457 2392 aetatis

398 2434 553 2517 pendere
577 2435 761 2515 censentis,
794 2435 869 2500 sive
903 2432 995 2499 hunc
1028 2434 1104 2516 ipse
1128 2432 1248 2516 legerit
1281 2434 1359 2502 slve
1384 2451 1458 2499 non

428 2717 503 2785 (142)
521 2721 550 2772 in
581 2717 648 2772 bibl.
675 2715 769 2784 npou.
796 2716 889 2786 Sparti
919 2717 1044 2772 invicem
1073 2731 1107 2772 se
1136 2717 1278 2772 occidunt.
1322 2717 1457 2773 additur:

394 2797 509 2874 Κάδμος
536 2800 565 2854 δὲ
592 2796 655 2854 ἀνθ’
677 2791 715 2854 ὦν
740 2803 855 2854 ἔκτεινεν
877 2801 1008 2868 ·(·υό’δνυν
1029 2799 1166 2868 (sevinus
1192 2799 1311 2873 ἀνδρῶν)
1334 2802 1461 2856 ἐνιαυτὸν

394 2884 529 2952 ἐθήτευσεν
541 2884 622 2956 Ἄρει.
648 2893 734 2953 atque
752 2894 821 2939 sunt
839 2885 886 2954 qui
905 2885 1092 2954 suspicentur
1110 2885 1302 2940 bibliothecae
1320 2885 1460 2954 scriptori

395 2969 508 3024 labulae
533 2969 668 3037 figuram,
693 2983 767 3037 quae
793 2969 867 3036 apud
887 2968 1024 3024 Nonnum
1053 2977 1140 3032 extat,
1167 2970 1349 3024 obversatam
1378 2983 1461 3024 esse.

394 3055 423 3109 in
447 3054 539 3108 scltol.
559 3053 589 3106 ll.
609 3053 640 3107 B.
658 3052 713 3106 494
739 3053 816 3121 quod
839 3067 973 3122 magnam
997 3059 1106 3121 partem
1129 3067 1195 3107 cum
1219 3053 1287 3106 bibl.
1305 3050 1402 3122 Apoll.
1424 3055 1462 3112 ad

394 3139 515 3192 verbum
542 3137 668 3191 concinit
688 3134 818 3191 Cadmus
845 3138 934 3190 servit
952 3135 1035 3192 Marti
1062 3133 1124 3190 cirri
1150 3139 1194 3204 τῆς
1220 3134 1385 3208 ἀναιρέσεως
1412 3139 1463 3189 τοῦ

394 3218 546 3293 δράκοντος.
573 3220 622 3287 (ci.
640 3219 762 3286 Panzer‚
789 3221 824 3274 de
850 3221 1059 3290 mythographo
1084 3221 1240 3276 Homerico
1264 3220 1463 3287 restituendo,

396 3306 466 3360 diss.
485 3304 649 3373 Grypltisw.
670 3303 748 3368 1892.
776 3318 803 3371 p.
819 3303 874 3371 54.)

429 3395 505 3465 (143)
524 3395 562 3450 cf.
581 3397 647 3450 bibl.
666 3395 759 3464 Apoll.
778 3394 820 3449 111.
837 3396 874 3450 23
886 3410 929 3464 sq.
954 3387 1024 3449 οὗτοι
1042 3396 1071 3449 δὲ
1089 3392 1248 3450 ἀπέκτειναν
1266 3393 1408 3462 ἀλλήλους,
1434 3399 1463 3449 οἱ

394 3480 446 3552 μὲν
463 3482 498 3540 εἷς
515 3483 573 3553 ἔριν
590 3479 710 3532 ἑκούσιον
735 3477 854 3538 ἐλθόντες
879 3481 906 3532 οἱ
931 3479 960 3534 tls*
978 3478 1104 3544 ἀλλήλους
1121 3480 1290 3547 ἀγνοοῦντες.
1320 3479 1466 3548 (scriptor

311 3567 314 3574 '
395 3565 464 3618 dum
482 3565 629 3632 exemplar
646 3578 732 3618 suum
746 3564 888 3618 contrahit
906 3565 1039 3618 turbasse
1057 3564 1178 3619 videtur.
1204 3577 1302 3618 nonne
1321 3564 1369 3618 alii
1389 3565 1466 3620 alte-

396 3663 456 3702 ram
483 3663 600 3703 causam
628 3648 797 3714 discordiae,
823 3647 869 3702 alii
889 3649 1007 3702 alteram
1026 3647 1225 3714 tradiderint'r’)
1252 3647 1413 3720 Φερεκύδης
1433 3651 1468 3703 οε·

395 3752 478 3804 φησιν
505 3731 543 3785 b'u
560 3731 677 3804 Κάδμος
697 3731 765 3785 idaia
790 3733 819 3784 ln
835 3731 885 3798 γῆς
903 3727 1108 3803 ἀναφυομένους
1131 3730 1233 3805 ἄνδρας
1259 3731 1390 3792 ἐνόπλους
1419 3735 1466 3786 ἐπ’

394 3901 486 3976 μάχην
502 3901 666 3967 κατέστησαν.

430 3993 505 4062 (144)
526 3991 580 4050 Ov.
596 3991 714 4048 Metam.
733 3991 949 4048 ((1.362-602.

430 4085 506 4154 (145)
526 4087 579 4140 lex.
599 4087 688 4154 myth.
709 4085 845 4139 Roscher.
873 4101 895 4138 s.
914 4101 939 4138 v.
960 4084 1089 4139 Kadmos
1108 4084 1138 4137 Il.
1156 4099 1182 4152 p.
1194 4085 1259 4139 852.
