3000 5168
143 694 238 801 ps
276 685 496 804 ovini
538 688 1044 803 nrrnononm

331 959 717 1067 QUAESTIONES
745 959 843 1042 SEX

99 1551 224 1636 Exigui
249 1551 354 1617 huius
376 1550 481 1618 libelli
505 1568 575 1616 non
606 1563 658 1616 est
692 1552 832 1617 rationis
857 1552 1041 1618 momentis
1070 1569 1113 1618 ex

55 1663 155 1728 omni
179 1678 288 1745 opere
312 1657 421 1726 Ovidi
452 1661 567 1742 petitis
590 1659 777 1726 ostendere
800 1672 938 1742 poetam
961 1659 1113 1742 plerum-

56 1789 128 1854 que
152 1767 485 1852 mythographorum
520 1767 610 1834 nuda
643 1766 750 1834 verba
772 1785 973 1835 exornasse.
1017 1769 1111 1852 quod

57 1882 87 1944 si
112 1881 191 1962 quis
215 1876 361 1944 heroum
396 1875 561 1958 stirpibus
596 1875 928 1959 mythogtaphorum
963 1880 1111 1944 maxime

58 2005 140 2054 cum
164 1983 347 2054 Ovidianis
374 1984 540 2068 stirpibus
568 1984 699 2052 collatis
733 1988 809 2053 iure
842 1988 1011 2069 suspicari
1045 1986 1110 2052 sibi

57 2099 158 2162 visus
179 2097 253 2177 erit,
276 2097 307 2162 ei
324 2107 360 2160 ut
376 2096 609 2162 coniecturam
633 2113 731 2162 suam
754 2094 900 2162 stabiliat
916 2097 949 2160 in
966 2094 1111 2178 singulis

57 2203 391 2288 Metamorphoseon
416 2202 668 2272 narrationibus
691 2221 833 2287 semper
860 2204 981 2271 eadem
1009 2221 1111 2272 revo-

58 2314 167 2380 canda
211 2327 312 2380 erunt
349 2315 382 2379 in
420 2315 660 2397 quaestionem
697 2316 861 2397 omnique
905 2315 1037 2380 ratione
1074 2313 1109 2380 id

58 2420 279 2490 efficiendum
296 2425 360 2490 erit
376 2436 411 2488 ut
426 2421 530 2488 simul
545 2419 728 2488 deliniatur
743 2435 857 2489 utrum
878 2422 1108 2490 enchiridium

58 2530 198 2615 aliquod
222 2530 544 2615 mytlmgraphicum
574 2531 763 2598 adhibitum
786 2534 894 2599 sitan
918 2550 1043 2615 poema
1066 2552 1108 2600 an

57 2658 143 2708 vero
168 2653 353 2724 utrumque
382 2653 416 2706 et
438 2638 647 2723 intellegenti
671 2639 799 2706 iudicio
823 2640 1002 2707 dirimatur
1025 2641 1107 2724 quid

58 2751 268 2833 incorruptis
306 2746 472 2830 lontibus,
513 2748 595 2832 quid
637 2751 765 2816 rectius
805 2748 958 2816 versatili
996 2751 1107 2832 ipsius

58 2859 206 2926 ludentis
229 2859 410 2941 scriptoris
430 2859 567 2939 ingenio
588 2856 810 2926 tribuendum
829 2860 883 2924 sit.
917 2876 973 2926 res
994 2861 1108 2941 magni

57 2966 202 3034 ambitus
230 2964 388 3051 proiecto
411 2978 445 3033 et
467 2965 684 3048 periculosae
713 2966 853 3049 plenum
880 2984 971 3049 opus
1001 2965 1106 3035 aleae.

308 3449 368 3534 ne
400 3449 582 3517 sustin
615 3449 850 3520 Lienosis

56 3641 60 3650 “
98 3634 428 3719 Metamorphoseon
451 3635 539 3702 libro
563 3634 575 3700 l
599 3634 652 3719 (l)
682 3635 835 3720 Iuppiter
858 3615 1103 3706 deorumcon-

14 3819 18 3828 ,
58 3746 132 3813 cilio
149 3757 339 3812 convocato
356 3757 469 3811 narrat
483 3763 569 3828 quas
584 3744 649 3812 sibi
662 3743 802 3827 Lycaon
814 3743 922 3813 Arcas
939 3750 1103 3815 struxerit

39 3851 205 3920 insidias.
250 3856 348 3920 cuius
376 3855 549 3936 impietate
577 3867 610 3920 et
635 3856 741 3920 atroci
765 3854 898 3922 scelere
922 3869 1105 3938 permotus

89 4085 124 4153 (l)
142 4101 184 4139 vs.
206 4087 332 4154 lffisqq.

871 4189 881 4242 l
