3000 5168
903 507 1039 617 ‘itti

457 683 644 756 declaravit
667 681 770 767 (179)
803 680 930 754 Cadmi
953 681 1101 752 fabulam
1125 682 1208 751 olim
1232 683 1334 767 epico
1358 681 1483 766 quodam

457 795 610 862 carmine
637 795 831 878 expositam
859 791 979 862 fuisse.
1022 793 1115 862 idem
1138 790 1339 860 observavit
1361 787 1483 860 fabulam

455 900 654 972 Thebarum
692 901 908 970 conditarum
946 915 980 970 et
1016 915 1114 969 ortus
1147 899 1352 986 Spartorum
1389 898 1484 968 deberi

457 1024 581 1096 poetae
597 1028 668 1078 non
683 1010 785 1080 valde
801 1012 953 1096 antiquo,
976 1013 1082 1079 immo
1099 1024 1238 1095 praeter
1251 1012 1367 1098 ipsum
1383 1007 1485 1080 Cadmi

457 1138 585 1189 nomen
615 1119 700 1188 nihil
730 1123 909 1189 continere
938 1121 1034 1206 quod
1066 1120 1109 1188 ad
1141 1134 1298 1188 veterem
1331 1119 1486 1187 historiam

456 1228 654 1298 Thebarum
683 1225 806 1297 referri
833 1231 946 1316 possit
968 1227 1085 1313 (180).
1130 1228 1283 1314 denique
1312 1230 1486 1312 suspicatus

389 1363 391 1368 ·
458 1352 577 1407 est-
603 1338 639 1405 id
671 1338 767 1421 quod
801 1336 884 1405 mihi
918 1338 1020 1424 plane
1054 1337 1278 1424 probavit-
1305 1355 1392 1423 epos
1426 1333 1486 1403 illud

457 1446 677 1532 deperditum
712 1449 880 1532 scriptum
915 1445 1024 1515 luisse
1058 1449 1093 1514 in
1126 1445 1236 1530 Ionia,
1270 1446 1328 1514 ubi
1362 1443 1486 1516 Cadmei

457 1557 564 1642 patria
587 1573 649 1623 sua
672 1554 764 1639 pulsi
787 1558 889 1624 etiam
913 1574 1039 1625 novam
1062 1553 1173 1640 Θὴβην
1195 1555 1431 1626 condiderant.
1465 1555 1486 1618 in

456 1665 510 1732 his
534 1662 697 1733 omnibus
721 1683 800 1733 cum
816 1663 1027 1734 Schwartzio
1050 1664 1151 1748 racto,
1175 1665 1219 1733 de
1235 1665 1397 1732 carminis
1421 1661 1486 1749 epici

455 1793 542 1843 vero
565 1792 701 1843 summa
728 1787 832 1859 atque
853 1789 1056 1859 argumento
1084 1774 1263 1842 dissentio.
1307 1773 1438 1842 scilicet
1455 1773 1486 1837 in·

458 1882 623 1952 credulus
656 1880 903 1954 Schwartzium
937 1883 1205 1952 contendentem
1239 1883 1342 1951 audio
1376 1885 1410 1950 in
1441 1881 1486 1948 hot

458 1993 610 2061 carmine
632 1993 734 2076 epico
750 1990 926 2077 Europam
948 2012 967 2060 a
990 1991 1070 2062 Dite
1093 2005 1224 2078 raptam
1247 1991 1367 2075 luisse,
1390 2003 1486 2076 postet

457 2119 543 2169 vero
567 2116 740 2186 repertam
763 2120 782 2169 a
805 2098 942 2170 Cadmo
970 2104 1004 2169 in
1027 2101 1185 2170 Boeotia.
1222 2100 1374 2187 puellam
1396 2113 1486 2169 auten

458 2229 477 2278 a
499 2209 582 2279 love
605 2208 742 2278 inferno
766 2224 952 2296 propterca
976 2223 1106 2296 raptam
1134 2209 1244 2279 luisse
1267 2211 1394 2279 conicit
1416 2207 1486 2294 quot

458 2319 633 2404 Europam
657 2337 785 2387 numen
809 2317 982 2388 infernum
1010 2317 1118 2387 luisse
1141 2331 1270 2388 censet.
1314 2336 1382 2404 qua
1405 2318 1448 2386 de
1466 2329 1486 2382 rt

459 2445 551 2497 nunc
584 2431 723 2514 penitus
760 2429 955 2514 disceptare
992 2429 1085 2498 nolo.
1139 2429 1203 2496 sed
1237 2427 1341 2497 fuerit
1373 2427 1486 2509 Europt

460 2536 543 2606 olim
571 2536 705 2607 inierna
732 2539 811 2622 dea,
844 2551 959 2607 tamen
982 2557 1199 2625 nequaquam
1222 2550 1390 2623 sequatur
1412 2539 1485 2606 ctian

459 2648 494 2714 in
514 2648 616 2731 cpico
632 2650 786 2715 carmine
801 2649 833 2716 ei
849 2661 1024 2732 raptorem
1040 2645 1196 2732 Stygium
1213 2645 1377 2715 tributum
1394 2645 1485 2714 luisse

460 2768 538 2822 ante
561 2756 676 2822 omnia
698 2773 785 2823 vero
809 2755 1077 2824 examinandum
1106 2769 1160 2823 est
1185 2757 1321 2824 cuinam
1344 2754 1484 2823 tribuatu

405 2855 408 2860 ’
459 2862 594 2932 iabulae
626 2861 733 2948 ligura
767 2883 834 2949 qua
860 2864 998 2950 Europa
1032 2865 1066 2931 ln
1094 2863 1275 2932 Boeotiam
1303 2861 1485 2950 perveneri

459 2972 623 3054 quoniam
646 2985 759 3041 autem
780 2971 1004 3056 Pherecydes
1022 2971 1124 3056 (181)
1150 2970 1299 3056 Cadmo,
1322 2991 1402 3042 cum
1425 2971 1485 3040 Har

460 3081 611 3148 moniam
627 3081 781 3164 duceret,
803 3099 964 3150 sororem
981 3082 1110 3150 monile
1126 3081 1220 3150 dono
1237 3081 1379 3150 dedisse
1395 3093 1485 3150 aucto

460 3201 527 3271 cst,
554 3201 718 3274 oportere
746 3190 827 3257 dicit
853 3187 1084 3258 Schwartzius
1107 3189 1282 3275 Europam
1310 3192 1344 3258 in
1368 3185 1485 3258 Boeoti

460 3315 538 3364 cum
556 3294 694 3367 Cadmo
717 3315 940 3383 congressam
962 3317 1052 3367 esse.
1086 3300 1169 3384 quid
1191 3301 1221 3366 si
1238 3299 1332 3368 dono
1356 3301 1485 3368 miserit

462 3419 495 3474 et
520 3405 587 3474 hoc
615 3424 756 3474 narrare
783 3409 895 3492 potuit
916 3406 1151 3492 Pherecydes.
1194 3427 1318 3477 verum
1349 3411 1395 3480 sit
1424 3425 1484 3476 san

461 3529 498 3581 ut
522 3513 612 3597 vult,
644 3513 784 3600 Europa
810 3515 903 3600 apud
930 3514 1171 3601 Pherecydem
1199 3519 1233 3584 in
1261 3515 1410 3586 Boeotia
1439 3533 1484 3586 cut

463 3618 600 3690 Cadmo
623 3639 826 3707 congressa:
857 3626 1060 3709 sequiturne
1083 3639 1119 3691 ut
1141 3645 1159 3692 a
1183 3638 1322 3710 raptore
1345 3625 1484 3695 statiml

495 3890 571 3958 nra>
590 3907 616 3959 p.
639 3892 678 3944 14.

495 3981 571 4050 (18⁰)
590 3998 616 4052 u·
638 3984 671 4038 ¹⁵
683 3999 747 4054 san·
879 4019 882 4024 ·

496 4073 572 4142 (tar)
591 4075 658 4131 sur.
676 4074 770 4144 upon.
789 4076 830 4131 111.
848 4077 892 4130 25.
1018 4107 1022 4118 ·
