3000 5168
505 537 624 648 (17)

85 713 177 795 apud
214 711 396 780 Nicolaum
435 712 690 780 Damascenum
736 710 848 778 lubulu
885 714 1005 780 tradita
1042 727 1094 781 est

37 839 142 888 more
166 835 199 889 et
222 823 328 889 modo
346 821 533 890 Euhemeri
557 820 747 889 deformata
764 841 781 887 a
797 835 967 890 sectatore
990 825 1094 890 inter·

37 933 245 1014 pretationis
283 933 325 997 ad
363 931 534 998 humanae
572 933 714 998 rationis
751 945 887 1016 captum
925 932 1092 999 redactae.

35 1040 163 1108 subest
185 1061 269 1109 sane
292 1061 332 1110 ea
355 1041 461 1126 figura
484 1041 618 1110 fabulae
648 1061 750 1126 quam
776 1042 989 1110 Hesiodeam
1013 1044 1095 1111 dicit

36 1149 332 1234 Immerwahrius‚
370 1155 435 1219 nisi
472 1153 567 1236 quod
605 1154 705 1219 etiam
744 1153 893 1218 ieiunior
929 1166 981 1220 est
1015 1171 1092 1219 cum

36 1278 157 1343 neque
181 1279 322 1328 mensae
346 1262 512 1345 oppidive
534 1259 763 1344 Trapezuntis
797 1279 910 1344 neque
943 1259 1093 1328 Telluris

37 1386 187 1452 precum
214 1387 328 1454 neque
351 1370 459 1437 diluvi
483 1373 695 1438 mentionem
720 1367 827 1436 iaciat.

84 1496 148 1562 sed
161 1497 362 1563 iamdudum
375 1509 614 1580 argumentum
628 1493 818 1578 flagitamus
833 1514 902 1580 quo
916 1495 1094 1562 Hesiodea

37 1605 146 1671 huius
170 1603 305 1672 fabulae
321 1609 419 1688 origo
436 1604 604 1672 fulciatur.
639 1619 692 1672 est
708 1605 848 1689 quidem
866 1603 1092 1687 fragmentum

39 1713 193 1780 Hesiodi
218 1713 312 1797 (27):

214 1847 292 1925 vieta
313 1845 348 1913 δ’
369 1849 551 1930 ἐξεγένοντο
573 1845 744 1924 Λυκάονος
765 1845 925 1914 ἀντιθέοιο

216 1954 256 2022 ὅν
277 1981 359 2023 ποτε
380 1963 465 2022 τίκτε
486 1955 668 2039 Πελασγός,

41 2109 113 2174 quo
148 2109 192 2158 ne
225 2091 308 2158 illud
342 2093 483 2176 quidem
518 2093 775 2160 demonstratur
803 2091 1000 2159 Hesiodum
1035 2110 1094 2158 ex-

40 2202 206 2283 posuisse
240 2199 398 2268 labulam.
443 2220 524 2270 ecce
558 2201 772 2268 Eustathium
806 2200 920 2268 laudat
952 2199 1094 2268 immer-

38 2308 209 2376 wahrius:

82 2439 142 2525 τὴν
163 2443 199 2508 δὲ
220 2440 277 2508 τοῦ
298 2442 471 2520 Λυκάονος
491 2444 547 2510 ἐπὶ
573 2443 617 2528 τῷ
639 2449 694 2509 Διὶ
717 2449 954 2531 παραιβασίαν,
985 2446 1094 2508 εἰπεῖν

35 2549 114 2616 καθ’
147 2549 312 2629 Ἡσίοδον,
349 2552 380 2619 oi
415 2551 473 2620 τοῦ
509 2551 723 2641 Λυκόφρονος
758 2550 909 2638 δηλοῦσιν
943 2549 1092 2637 ὑπομνη-

35 2667 205 2742 parmeni.

85 2793 227 2862 haecine
266 2796 407 2862 omnia?
445 2795 555 2880 plane.
610 2794 684 2864 lieri
719 2814 787 2862 non
822 2809 937 2879 potest
969 2808 1005 2859 ut
1038 2792 1093 2859 hie

39 2903 142 2970 locus
163 2905 277 2969 virum
295 2903 534 2971 doctissimum
551 2904 742 2988 deceperit:
765 2903 871 2972 verba
891 2906 998 2968 sineru
1018 2899 1089 2966 καθ’

35 3011 193 3077 Ἡσίοδον
215 3009 421 3096 significant:
445 3027 481 3078 ut
502 3030 591 3080 voce
615 3027 690 3079 utor
713 3011 892 3080 Hesiodea
906 3010 995 3095 (28).
1029 3011 1092 3078 sed

38 3119 144 3187 valde
167 3119 356 3187 dolendum
381 3135 433 3188 est
448 3119 742 3189 Immerwahrium
766 3123 971 3189 sententiam
994 3137 1091 3186 suam

40 3228 147 3297 nullis
180 3232 323 3296 omnino
347 3232 489 3298 rationis
523 3233 708 3298 momentis
737 3233 944 3314 munivisse;
978 3247 1091 3312 neque

39 3356 130 3406 vero
174 3355 238 3422 ego
283 3341 364 3406 novi
402 3341 571 3406 rationem
609 3339 724 3418 ullam,
768 3358 834 3422 qua
879 3341 990 3423 possit
1025 3338 1091 3404 rite

41 3445 195 3516 delendi.

85 3559 310 3640 pervenimus
333 3557 375 3622 ad
399 3554 540 3640 figuram
565 3555 709 3639 fabulae,
732 3575 834 3640 quam
858 3555 1092 3625 hellenisticae

41 3680 76 3732 et
117 3665 292 3732 Romanae
337 3682 488 3748 poeseos
534 3685 613 3732 esse
657 3669 761 3732 sumit
805 3665 1092 3733 Immerwahrius.

77 3939 134 4008 (27)
153 3940 243 3996 Strab.
257 3941 290 3995 V.
307 3956 334 4009 p.
346 3942 409 3994 221.
427 3941 465 3996 cl.
478 3940 575 4010 Steph.
590 3941 660 4009 Byz.
680 3939 844 3994 Παλλάντιον
861 3940 938 4002 πόλις
950 3940 1093 4012 Ἀρκαδίας

41 4026 96 4079 ἀπὸ
118 4023 268 4085 Πάλλαντος
285 4025 345 4085 Ινός
361 4027 413 4078 τῶν
431 4025 570 4085 Λυκάονος
586 4026 700 4089 παίδων,
718 4023 754 4084 ὡς
765 4024 892 4086 Ἡσίοδος.

75 4109 132 4174 (28)
151 4124 207 4179 qua
224 4110 335 4163 scilicet
352 4109 499 4164 Hesiodus
517 4125 589 4163 usus
609 4119 653 4163 est
669 4109 773 4178 Theog.
790 4109 852 4164 220.
