3000 5168
382 723 415 794 ln
450 723 570 794 eadem
604 727 771 794 vocabula
805 728 958 794 incidere
993 729 1137 810 possint,
1171 727 1380 809 praesertim
1416 727 1449 790 si

380 836 527 904 vocibus
552 836 794 904 communibus
811 850 947 903 utantur
962 854 1118 920 quasque
1135 853 1191 902 res
1208 837 1282 918 ipsa
1298 831 1447 918 flagitet,

383 959 418 1012 ut
441 948 549 1012 vitare
574 964 632 1012 eas
655 964 757 1030 quam
781 944 946 1012 adhibere
970 947 1110 1012 maioris
1134 945 1248 1026 negoti
1271 945 1323 1009 sit.
1356 961 1450 1026 qua·

382 1068 526 1138 propter
553 1055 707 1121 nondum
737 1054 778 1120 ab
806 1057 920 1120 animo
955 1072 1034 1121 meo
1069 1056 1255 1136 impetrare
1289 1069 1445 1136 possum

382 1177 417 1229 ut
447 1181 576 1230 novum
611 1163 702 1229 istud
736 1163 889 1246 epyllion
924 1161 1076 1228 lontibus
1099 1161 1445 1244 Metamorphoseon

381 1273 618 1340 adnumerem.
643 1271 695 1355 (9)

423 1421 455 1474 at
478 1405 768 1491 mythographum
793 1403 925 1473 Ovidio
959 1405 1106 1473 subesse
1136 1423 1242 1490 posse
1274 1405 1445 1471 diximus.

382 1517 445 1583 sed
460 1516 589 1583 Maassi
613 1519 781 1582 sententia
799 1513 888 1599 (10),
911 1533 978 1599 qua
1001 1530 1137 1599 poetam
1162 1515 1307 1582 eandem
1331 1527 1446 1580 meta-

382 1625 620 1710 morphoseon
658 1625 815 1709 syllogen
850 1624 1050 1692 adhibuisse
1084 1625 1278 1706 contendit,
1316 1642 1335 1689 e
1370 1642 1443 1707 qua

382 1732 520 1802 fluxerit
542 1753 644 1819 quam
661 1735 742 1801 dicit
766 1734 1095 1818 metamorphoseon
1117 1733 1250 1818 sylloge
1264 1732 1443 1814 Medicea,

382 1843 571 1910 rationibus
595 1845 748 1910 innititur
771 1859 837 1910 tam
861 1843 996 1910 levibus
1021 1857 1053 1910 et
1069 1841 1213 1909 infirmis
1237 1855 1272 1908 ut
1293 1844 1443 1907 omnino

382 1953 552 2036 impediar
568 1955 754 2035 quominus
775 1971 850 2019 eam
872 1966 977 2019 ratam
998 1951 1152 2019 habeam.
1183 1953 1316 2035 primus
1332 1950 1444 2018 Wila·

383 2063 575 2126 mowitzius
599 2059 676 2143 (11)
700 2061 785 2127 vidit
812 2063 940 2128 seriem
969 2059 1312 2144 metamorphoseon,
1347 2078 1441 2143 quae

383 2190 402 2237 e
426 2170 526 2236 codd.
549 2169 643 2236 Med.
667 2185 700 2238 et
722 2169 841 2238 Escur.
865 2185 1036 2254 protracta
1069 2169 1197 2254 publici
1232 2171 1317 2235 iuris
1350 2166 1441 2235 lacta

383 2293 435 2346 est
459 2276 552 2362 (12),
585 2280 741 2363 pendere
768 2299 812 2347 ex
836 2277 944 2346 Ovidi
972 2279 1067 2346 libris
1091 2277 1441 2362 Metamorphoseon.

382 2389 478 2473 quod
503 2391 580 2472 ipse
603 2387 932 2471 metamorphoseon
963 2388 1063 2470 ordo,
1093 2390 1151 2471 qui
1181 2387 1274 2472 apud
1304 2400 1441 2452 utrum-

383 2516 451 2581 que
474 2499 680 2580 scriptorem
715 2515 861 2580 prorsus
895 2497 987 2564 idem
1012 2510 1073 2580 est,
1107 2496 1300 2564 luculenter
1323 2495 1439 2562 docet.

382 2605 554 2672 Maassius
587 2624 673 2672 vero
707 2609 858 2673 animum
896 2607 1041 2674 advertit
1075 2606 1117 2672 ad
1151 2619 1220 2672 tres
1255 2608 1439 2672 nominum

417 2904 454 2972 (9)
474 2907 510 2958 de
528 2914 587 2959 toto
606 2907 711 2974 epyllio
730 2921 796 2959 cum
809 2908 998 2960 vehementer
1016 2906 1153 2973 dubitem,
1172 2921 1229 2960 non
1248 2905 1332 2959 valde
1350 2906 1441 2959 doleo

382 3001 484 3058 poetae
502 3005 609 3045 nomen
629 3004 686 3044 non
705 3005 850 3058 apparete,
877 2991 953 3058 quod
972 2989 1116 3044 Maasslus
1142 2991 1217 3057 apud
1236 2989 1383 3057 Hyginum
1408 2993 1440 3044 in

382 3076 470 3128 verbo
497 3075 573 3142 quod
602 3083 646 3127 est
665 3071 792 3127 Creticis
819 3075 991 3128 delitescere
1017 3075 1187 3142 suspicatur.
1223 3087 1275 3141 age
1292 3074 1440 3142 fingamus

382 3172 489 3212 nomen
516 3159 664 3226 quodlibet
691 3167 719 3211 et
742 3159 911 3212 scribamus·
930 3160 958 3212 in
986 3159 1064 3212 hunc
1091 3159 1223 3212 modum:
1253 3158 1288 3210 (ie
1315 3172 1377 3225 qua
1403 3157 1440 3211 iaz.

382 3240 510 3295 Hesiodi
536 3239 686 3305 versibus,
716 3242 781 3309 quis
808 3257 945 3310 umquam
973 3243 1015 3296 sic
1042 3245 1157 3297 locutus
1184 3242 1251 3296 est?
1286 3242 1440 3309 scriptoris

382 3327 492 3380 nomini
519 3327 566 3380 hic
592 3327 690 3380 nullus
709 3328 791 3380 locus
810 3341 878 3381 esse
897 3326 1017 3381 videtur.
1048 3328 1116 3394 quid
1135 3327 1226 3394 ergo?
1253 3327 1438 3392 exploratum

382 3411 523 3464 habemus
537 3410 642 3477 Hygini
663 3409 775 3464 fabulas
795 3425 829 3464 ex
848 3425 936 3478 opere
949 3411 1061 3465 Graeco
1079 3413 1108 3464 in
1123 3411 1254 3464 Latinum
1267 3424 1438 3465 sermonem

382 3509 538 3548 conversas
552 3509 626 3548 esse.
653 3496 749 3562 itaque
768 3496 822 3549 hos
841 3510 957 3564 quoque
974 3509 1078 3550 versus
1092 3511 1107 3550 e
1121 3495 1241 3550 Graecis
1260 3496 1438 3549 hexametris

381 3579 537 3632 translatos
551 3593 618 3632 esse
630 3579 812 3645 crediderim,
830 3580 1069 3648 mythographum
1082 3589 1178 3634 autem
1198 3580 1341 3638 laudasae¹
1352 3593 1439 3647 opttS,

382 3662 427 3715 cui
459 3677 565 3716 nomen
596 3671 675 3717 esset
704 3663 823 3734 Κρητικὰ
850 3665 906 3728 ἔπη.
942 3670 1071 3717 ceterum
1102 3664 1158 3717 iam
1189 3663 1258 3716 olim
1289 3667 1439 3732 perspexit

382 3746 557 3817 hiunckerus
576 3747 612 3800 de
629 3747 778 3816 versibus,
804 3748 909 3814 quibus
927 3762 974 3801 res
994 3746 1125 3801 Creticae
1143 3757 1335 3812 narrarentur,
1361 3751 1438 3814 cogi·

383 3829 501 3883 tandum
521 3844 596 3883 esse.
1177 3835 1179 3840 '
1303 3851 1304 3854 ¹

416 3928 473 3996 (10)
494 3931 512 3984 l.
530 3931 548 3984 l.
566 3945 591 3999 p.
610 3931 668 3985 XV.

416 4020 474 4090 (11)
492 4021 629 4078 Analecta
647 4023 799 4092 Euripidea
817 4039 843 4092 p.
865 4025 925 4079 182.

416 4113 473 4178 (12)
492 4113 643 4168 Westerm.
664 4116 758 4183 Biogr.
779 4132 805 4182 p.
822 4115 883 4168 347.
