3000 5168
494 557 614 664 til)

293 892 354 960 DE
386 892 568 962 FABULA
602 891 821 960 DAPHNES

75 1094 168 1178 quod
181 1111 288 1178 supra
300 1095 343 1163 de
354 1093 516 1178 Lycaone
528 1097 765 1180 quaesivimus
781 1108 895 1166 utrum
906 1093 1085 1177 vulgarem

36 1200 181 1270 labulam
215 1221 281 1270 suo
315 1203 477 1272 arbitratu
510 1202 622 1272 lusius
646 1203 817 1272 narrando
851 1202 992 1270 dilatare
1015 1201 1087 1287 pla·

37 1314 142 1380 cuerit
166 1309 299 1380 Ovidio
332 1331 375 1380 an
409 1315 525 1398 potius
549 1310 727 1382 Graecum
761 1331 886 1398 poema
921 1312 1085 1379 imitando

37 1423 262 1505 expresserit,
306 1423 398 1490 idem
436 1441 527 1490 nunc
565 1422 865 1490 considerabimus
903 1423 936 1488 in
973 1418 1086 1487 labula

37 1528 202 1614 Daphnes
226 1527 316 1614 (79).
360 1544 449 1599 tanta
483 1533 575 1599 enim
598 1531 654 1599 hic
678 1533 865 1616 praecipue
896 1543 949 1598 est
971 1548 1087 1597 narra·

36 1641 135 1707 tionis
170 1639 309 1708 ubertas
332 1655 368 1708 ut
391 1639 538 1724 plurima
561 1654 663 1726 poeta
686 1641 878 1709 exornandi
902 1657 1004 1708 causa
1030 1653 1087 1706 aut

37 1748 108 1830 ipse
131 1750 311 1816 invenisse
334 1763 391 1816 aut
413 1749 551 1818 aliunde
575 1750 791 1819 transtulisse
813 1749 1011 1818 censendus
1033 1751 1086 1815 sit.

76 1859 228 1940 primum
261 1860 417 1925 omnium
439 1859 620 1927 videamus
649 1853 838 1927 omninone
872 1857 939 1925 ulla
962 1870 1087 1925 attente

37 1965 227 2050 legentibus
249 1985 330 2035 sese
353 1966 500 2036 offerant
513 1971 656 2053 vestigia
679 1987 768 2053 quae
789 1981 982 2037 monstrent
1004 1984 1088 2052 poe-

37 2089 100 2142 tam
134 2074 191 2144 hlc
226 2076 376 2145 alienum
409 2095 499 2162 opus
534 2079 699 2145 imitatum
723 2097 813 2146 esse.
858 2077 1020 2161 equidem
1043 2094 1087 2143 ne

37 2187 278 2253 tenuissimum
312 2187 453 2270 quidem
486 2189 670 2272 vestigium
701 2190 842 2255 invenio
877 2184 967 2270 (80).
1021 2185 1088 2252 hoc

38 2313 141 2361 unum
165 2296 363 2364 concedere
385 2313 492 2380 queo:
516 2315 704 2365 occurrere
727 2295 891 2364 nonnulla
907 2313 1089 2380 argumen-

38 2417 148 2471 torum
173 2422 244 2472 non
267 2406 408 2489 quidem
430 2408 501 2473 vim
523 2425 647 2474 verum
670 2420 784 2474 tamen
807 2408 962 2490 speciem
982 2422 1089 2488 quan-

39 2512 112 2581 dam
147 2513 308 2584 habentia
341 2515 452 2599 qualia
486 2513 560 2584 lere
593 2518 628 2583 ln
662 2513 961 2600 disquisitionibus
984 2513 1088 2581 huius

37 2625 173 2705 generis
213 2623 341 2692 auxillo
375 2627 505 2692 arcessi
546 2625 660 2693 solent
696 2624 737 2692 ab
771 2627 813 2692 iis
847 2626 996 2691 maxime
1030 2625 1088 2707 qui

38 2749 178 2817 semper
201 2745 234 2800 et
249 2731 378 2817 ubique
394 2733 486 2818 apud
503 2730 671 2801 Ovidium
695 2746 816 2817 poetas
832 2731 1089 2800 Alexandrinos

38 2841 176 2909 odorari
199 2840 265 2908 sibl
287 2841 459 2910 videntur.

77 2953 106 3017 si
129 2952 209 3035 quis
233 2950 332 3034 dicat,
355 2963 391 3018 ut
413 2950 480 3018 hoc
495 2964 580 3034 utar,
603 2953 637 3018 in
660 2948 773 3019 labula
789 2949 956 3036 Daphnes
972 2951 1089 3016 inesse

38 3059 207 3142 quaedam
241 3059 474 3144 pulcherrima
509 3060 659 3143 ideoque
693 3077 763 3126 non
787 3057 972 3142 Ovidium,
1005 3056 1089 3124 mihi

38 3169 178 3251 quidem
217 3187 286 3237 non
324 3169 542 3254 persuadeat.
597 3167 821 3254 respondebo
859 3187 915 3236 me
952 3180 1089 3252 poetam

38 3275 195 3346 Latinum
230 3280 344 3346 minus
377 3297 480 3361 quarn
504 3277 599 3345 illum
624 3291 859 3346 contemnere.
904 3295 968 3344 nec
991 3276 1091 3361 quid·

38 3406 139 3469 quam
178 3405 325 3472 prorsus
362 3406 418 3456 me
452 3401 569 3456 movet
605 3387 700 3472 quod
734 3385 947 3456 Knaackium
985 3404 1090 3469 quem

39 3495 184 3564 honoris
208 3515 310 3565 causa
326 3499 468 3564 nomino
485 3499 518 3564 in
536 3498 828 3564 commentatione
851 3513 913 3562 sua
930 3483 974 3562 de
991 3493 1090 3562 Hero

72 3782 129 3846 (79)
149 3781 267 3836 Metam.
284 3781 302 3836 l.
320 3782 481 3836 ild-566.
517 3781 610 3836 Parth.
628 3769 704 3836 Erot.
722 3779 771 3834 XV
792 3780 921 3848 Daphne.
957 3776 1093 3849 lincopia

38 3865 109 3936 παρὰ
127 3865 257 3938 Διοδώρῳ
274 3858 307 3937 τῷ
320 3863 422 3940 Ἕλαίιῃ
440 3867 469 3919 ἐν
486 3867 612 3934 ἐλεγείαις
629 3865 675 3918 καὶ
694 3862 833 3935 Φυλάρχῳ
851 3865 880 3916 ἰν
896 3863 928 3917 οὲ.

71 3965 128 4034 (80)
148 3967 227 4035 quod
245 3964 368 4021 Ovidius
387 3965 557 4021 Callimachi
574 3979 693 4021 versum
715 3966 842 4020 imitatus
862 3973 906 4018 est
928 3962 1054 4029 (Metam.
1073 3961 1092 4015 1.

38 4049 92 4103 486
108 4066 140 4100 =
158 4047 326 4117 cilinio)
346 4051 403 4105 huc
420 4065 479 4105 non
497 4051 628 4120 pertlnet.
654 4051 744 4104 immo
763 4049 809 4104 vel
828 4049 895 4102 inde
913 4046 1092 4102 concluseris

40 4148 105 4187 eum
124 4134 239 4202 poetico
258 4135 413 4202 exemplari
431 4149 489 4189 non
508 4149 593 4189 usum
614 4148 689 4188 esse.

859 4233 878 4286 3
