3000 5168
862 519 981 630 (tl)

400 694 531 763 Ovidio
573 693 750 764 fluxisse?
794 693 903 763 fateor
939 695 1007 762 huc
1044 693 1208 762 inclinare
1246 693 1463 760 sententiam

400 823 522 872 meam.
567 817 660 886 certe
693 803 767 871 sola
800 822 856 871 res
891 822 957 888 qua
991 802 1149 871 scholion
1183 803 1225 869 ad
1258 800 1461 885 Vergilium

400 913 603 997 explicatius
626 927 678 980 est
701 911 789 980 facili
814 915 1011 980 coniectura
1031 931 1076 979 ex
1100 915 1177 996 ipso
1194 909 1325 978 Ovidio
1351 928 1462 994 repe-

399 1022 541 1089 tebatur.
585 1021 779 1089 Lactantius
813 1040 953 1106 quoque
983 1023 1041 1105 qui
1064 1024 1098 1087 in
1122 1034 1322 1104 argumento
1347 1019 1460 1086 huius

399 1130 533 1198 fabulae
557 1131 650 1197 nullo
673 1145 812 1215 praeter
831 1128 999 1198 Ovidium
1023 1129 1117 1198 fonte
1140 1147 1225 1196 usus
1249 1147 1328 1196 esse
1351 1129 1458 1195 vide-

399 1255 463 1323 tur,
494 1243 634 1308 remita
668 1254 781 1308 narrat
814 1243 911 1324 quasi
934 1239 1074 1324 Lycaon
1107 1239 1258 1306 advenas
1292 1238 1459 1321 hospites

398 1350 570 1417 trucidare
593 1350 723 1417 soleret
746 1347 836 1432 (23).
881 1347 1032 1416 Ovidius
1060 1362 1173 1416 autem
1197 1350 1324 1415 invitus
1347 1346 1460 1414 scho-

398 1458 514 1526 liastae
537 1457 757 1542 Lactantique
781 1458 960 1525 erroribus
987 1477 1105 1526 ausam
1139 1441 1279 1526 dedisse
1312 1455 1480 1523 videtur'

398 1568 599 1636 scribendo:

400 1809 451 1862 198
932 1819 1019 1864 notus
1042 1810 1151 1865 feritate
1170 1811 1282 1878 Lycaon

396 1893 451 1946 218
931 1895 1076 1962 inhospita
1095 1903 1168 1948 tecta
1185 1895 1298 1962 tyranni

304 2023 314 2040 ,
396 1977 452 2029 233
1179 1979 1213 2032 ab
1232 1979 1297 2046 ipso

547 2061 653 2128 colligit
670 2075 704 2113 os
723 2062 829 2114 rabiem
849 2061 992 2129 solitaque
1011 2063 1144 2129 cupidine
1163 2063 1259 2115 caedis

547 2145 667 2196 vertitur
688 2145 715 2198 in
736 2147 863 2212 pecudes
882 2154 910 2198 et
928 2159 1004 2198 nunc
1023 2160 1138 2212 quoque
1157 2147 1298 2213 sanguine
1316 2147 1434 2212 gaudet.

440 2401 544 2454 restat
567 2401 602 2454 ut
629 2386 776 2455 fabulam
807 2390 1001 2456 ovidianam
1032 2388 1252 2456 conferamus
1287 2407 1365 2455 curn
1401 2391 1454 2456 di-

396 2499 508 2562 versis
533 2497 689 2563 eiusdem
714 2496 847 2565 fabulae
881 2496 1009 2581 liguris,
1054 2517 1142 2565 neve
1169 2498 1350 2564 videamur
1374 2517 1451 2564 rem

396 2619 503 2672 actam
538 2623 655 2690 agere,
687 2605 920 2674 immerwahri
953 2609 1106 2690 vestigiis
1141 2609 1355 2690 insistemus,
1390 2613 1451 2693 qui

397 2715 573 2782 contendit
607 2713 685 2798 (24)
724 2718 918 2782 testimonia
956 2718 1165 2800 scriptorum
1204 2717 1247 2783 de
1285 2715 1452 2800 Lycaone

396 2821 550 2890 bilariam
574 2825 760 2910 dividenda
783 2844 873 2907 esse,
896 2827 1025 2910 quippe
1049 2844 1195 2909 quarum
1218 2825 1303 2914 aliae
1320 2825 1452 2893 Hesio-

396 2932 495 2998 deam
519 2933 603 3000 aliae
619 2933 867 3001 hellenisticam
895 2948 928 3000 et
943 2933 1132 3001 Romanam
1155 2933 1297 3018 liguram
1313 2933 1452 3003 labulae

397 3039 556 3108 referant.
602 3042 657 3109 ille
692 3044 832 3127 quidem
860 3061 929 3109 non
961 3041 1161 3128 significavit
1188 3058 1302 3110 utrum
1326 3047 1359 3110 in
1384 3043 1452 3111 Ar-

397 3151 492 3216 cadia
515 3165 695 3236 utramque
718 3151 860 3236 liguram
877 3166 988 3219 natam
1012 3172 1091 3220 esse
1116 3167 1254 3221 censeat
1270 3172 1312 3220 an
1329 3167 1450 3220 contra

397 3262 626 3326 recentiorem
650 3274 829 3344 poetarum
854 3263 1027 3344 ingenium
1052 3280 1096 3326 ex
1119 3263 1311 3344 antiquiore
1335 3260 1450 3330 fabula

396 3370 619 3451 protraxisse.
664 3387 870 3453 quamquam
898 3368 1004 3436 verba
1035 3371 1145 3453 ipsius
1183 3387 1238 3436 me
1271 3371 1450 3448 adducunt

397 3473 595 3564 ut'credam
619 3477 702 3544 illud
726 3481 757 3544 ei
781 3481 887 3562 magis
911 3478 1084 3562 placuisse
1109 3477 1198 3561 (25).

429 3772 486 3841 (23)
505 3774 681 3829 Lactantium
700 3782 818 3828 secutus
838 3781 883 3828 est
900 3772 989 3841 Myth.
1010 3771 1071 3826 Vat.
1090 3773 1108 3826 1.
1130 3774 1168 3826 17.

430 3857 486 3925 (24)
504 3858 545 3911 W.
563 3858 757 3912 immerwahr:
777 3858 823 3912 die
843 3858 930 3911 Kulte
947 3858 1006 3912 und
1024 3858 1143 3925 Mythen
1162 3857 1328 3910 Ariadiens.
1356 3857 1373 3911 1.
1396 3859 1449 3914 Bd.

397 3943 443 3996 die
461 3943 648 3996 ariadischen
668 3942 762 3997 Kulte.
791 3941 901 3996 Teubn.
922 3941 987 3994 1891
1015 3956 1041 4009 p.
1063 3943 1095 3994 14
1108 3956 1152 4009 sq.

429 4024 486 4092 (25)
505 4027 522 4079 l.
541 4027 560 4078 1.
577 4041 602 4094 p.
619 4027 662 4078 15:
686 4027 749 4080 dies
768 4027 832 4080 sind
851 4027 890 4079 im
910 4023 1042 4079 Grossen
1060 4026 1119 4078 und
1140 4018 1263 4079 Ganz'en
1279 4025 1325 4078 die
1343 4027 1448 4082 beiden

396 4110 641 4178 Haupiprtappen
659 4109 711 4164 des
729 4109 854 4178 Mythos.
