3000 5168
510 521 629 632 (it)

11 695 142 780 plane
172 696 298 764 eodem
322 696 429 763 modo
452 697 675 764 iudicandum
700 713 779 764 esse
801 695 940 762 videtur
963 696 1007 764 de
1022 714 1101 764 ver·

12 803 136 872 sibus
167 802 303 872 labuiae
326 805 370 873 de
393 803 609 874 Phaethonte
632 823 743 890 paene
767 803 914 871 ultimis:

17 1012 43 1064 il
67 1011 140 1067 396
400 1014 509 1068 missos
527 1028 643 1082 quoque
661 1013 787 1082 luppiter
803 1013 886 1081 ignes

197 1104 317 1150 excusat
334 1097 528 1166 precibusque
546 1098 640 1152 minas
659 1098 792 1166 regaliter
808 1096 885 1152 addit
903 1096 970 1164 (00).

68 1328 191 1398 atque
214 1313 301 1381 haec
324 1315 465 1398 quidem
489 1314 664 1383 hactenus.
709 1315 915 1383 accedamus
937 1315 981 1383 ad
996 1329 1102 1383 meta-

22 1421 269 1507 morphoses.
326 1421 493 1490 Heliades
530 1425 622 1507 apud
652 1437 801 1509 poetam
826 1422 1099 1492 Alexandrinum

23 1545 193 1600 mutatas
210 1529 320 1599 luisse
336 1531 517 1616 probabile
533 1545 596 1616 est,
611 1550 690 1599 cum
703 1534 805 1600 etiam
818 1531 967 1600 Nonnus
982 1551 1102 1617 quam·

24 1660 143 1726 quam
173 1659 246 1709 non
269 1642 335 1708 nisi
353 1639 579 1710 Phaethontis
602 1661 684 1709 ausa
707 1655 907 1710 narraturus
930 1655 1042 1709 tamen
1067 1644 1100 1708 in

26 1749 102 1818 line
129 1749 249 1818 tribus
271 1750 434 1818 versibus
458 1749 625 1819 Heliades
656 1753 690 1817 in
719 1749 864 1819 arbores
890 1749 1016 1818 abiisse
1040 1751 1102 1817 do·

27 1874 110 1928 ceat
138 1857 261 1944 (100).
307 1873 411 1928 restat
438 1879 505 1928 una
528 1858 643 1944 Cycni
671 1858 973 1944 metamorphosis.
1013 1859 1101 1927 hanc

30 1968 245 2038 Knaacinus
273 1987 343 2038 non
367 1988 386 2037 e
409 1967 505 2064 fonte
528 1971 705 2037 communi
728 1968 845 2036 Nonni
868 1982 969 2053 atque
993 1965 1101 2036 Ovidi

30 2080 257 2162 provenisse
300 2091 411 2163 putat,
452 2079 516 2146 sed
558 2098 576 2147 e
610 2076 785 2147 Phanocie
821 2097 924 2163 quem
962 2095 1101 2144 amores

33 2184 158 2270 Cycni
186 2200 221 2255 et
236 2185 462 2256 Phaethontis
486 2203 650 2256 tractasse
673 2201 815 2256 testatur
829 2186 1023 2255 Lactantius
1047 2185 1101 2252 his

32 2295 162 2363 verbis
188 2311 395 2380 argumento
418 2297 552 2365 fabulae
575 2296 783 2364 subiunctis:
815 2299 884 2376 „sic
907 2294 1101 2362 Phanocles

34 2407 68 2471 in
94 2402 375 2490 Cupidinibus“.
419 2405 501 2474 vide
523 2419 637 2473 tamen
661 2425 704 2473 ne
728 2406 808 2474 inde
831 2406 995 2472 audacius
1019 2401 1102 2471 effe·

36 2516 124 2581 cerit
169 2513 370 2582 Knaacirius
405 2513 508 2598 (101)
539 2513 750 2583 Phanoclem
782 2511 890 2582 Ovidi
923 2527 1100 2581 auctorem

36 2620 162 2691 luisse.
212 2621 363 2690 Lactanti
388 2626 479 2691 enim
503 2624 676 2692 adnotatio
700 2624 802 2692 docet
835 2622 922 2690 hanc
952 2619 1100 2688 fabulam

39 2734 203 2800 extitisse
233 2733 327 2816 apud
360 2731 583 2815 Phanoclem,
624 2731 707 2799 nihil
741 2731 839 2800 ultra.
892 2745 993 2817 atque
1027 2728 1101 2797 heri

38 2857 123 2908 sane
152 2853 283 2925 potest,
316 2853 353 2907 ut
376 2838 571 2908 Phanocles
603 2842 636 2906 in
660 2838 772 2907 labuia
796 2840 839 2907 de
863 2835 988 2922 Cycno
1022 2836 1101 2906 lons
1159 2891 1161 2896 .

41 2945 147 3017 fuerit
175 2963 303 3034 poetae
326 2947 553 3017 Alexandrini
588 2969 632 3016 ex
664 2967 734 3034 quo
768 2949 917 3033 pendeat
939 2945 1102 3031 Ovidius,

42 3057 159 3138 ipsum
195 3076 284 3125 vero
315 3055 485 3124 Ovidium
519 3056 729 3125 Phanociem
763 3053 963 3124 adhibuisse
998 3075 1102 3124 nemo

43 3206 91 3215 —u—
779 3209 893 3216 ...m—..-

148 3291 285 3346 Troades
303 3289 462 3360 eooct'pitani
480 3290 710 3360 deploratosque
728 3291 881 3343 recensent

143 3372 327 3430 Priamidas
346 3377 375 3429 et
392 3373 469 3445 quid
485 3371 604 3430 dederit
621 3374 729 3429 dmnos
746 3388 808 3426 ona
825 3370 945 3427 cruoris

145 3460 235 3528 teque
252 3461 385 3528 peanunl,
403 3457 499 3528 oirpo,
518 3459 602 3527 ioque
620 3474 637 3512 o
653 3457 741 3512 modo
757 3454 845 3526 rapio
861 3453 997 3511 cooiuooc

145 3541 236 3612 rapio
253 3541 338 3598 dicto
350 3557 475 3612 parens,
494 3541 584 3596 Asiae
601 3539 738 3610 florentis
756 3539 857 3610 imopo
876 3542 928 3594 etc.

51 3681 76 3727 et
92 3675 228 3745 inprimis
246 3693 289 3733 vs.
307 3677 375 3732 4⁹2:
410 3677 553 3744 (Hecuba)

142 3795 241 3864 plura
260 3793 391 3864 quidem,
409 3793 462 3848 sod
479 3796 508 3848 al
525 3794 596 3848 hooc
613 3791 729 3848 laniato
742 3795 863 3862 pectore
882 3789 974 3846 diruit.

98 3909 156 3978 (00)
174 3929 201 3969 ν.
221 3913 340 3969 Knaacir
359 3913 376 3967 1.
395 3912 413 3966 1.
431 3926 458 3980 p.
476 3911 513 3966 47
525 3925 570 3980 sq.

84 4001 157 4071 (1⁰0)
177 4005 264 4062 Dion.
282 4003 427 4060 xxxviii.
444 4004 498 4057 432
511 4017 574 4072 sqq.

86 4091 161 4159 (ror)
180 4097 199 4150 ι.
218 4099 235 4152 r.
254 4113 281 4166 ρ.
298 4099 343 4152 aa.
