3000 5168
854 495 973 602 (tlt

428 666 497 736 Ov.
520 669 658 737 Metam.
682 667 732 736 ΙΙΙ.
761 675 818 736 15:

585 820 788 874 incustoditam
809 821 886 875 lente
904 821 981 874 videt
999 821 1041 874 ire
1059 822 1211 875 iuvencam

426 977 541 1046 Nonn.
565 979 667 1046 Dion.
691 978 745 1047 1v.
769 985 856 1048 313:

683 1129 762 1213 βοός
782 1132 1000 1218 βραδυπείθεϊ
1019 1133 1107 1224 χηλῇ.

427 1345 579 1415 Ovidius
602 1351 667 1416 iter
689 1350 928 1433 descripturus
951 1367 1020 1434 quo
1044 1347 1108 1416 bos
1130 1347 1276 1432 Delphis
1299 1347 1423 1416 Thebas

384 1470 592 1540 pervenerat
625 1460 900 1542 expectationem
927 1459 1122 1526 auditorum
1157 1461 1283 1526 mirum
1307 1460 1340 1524 in
1362 1475 1426 1523 mo-

384 1566 466 1633 dum
491 1564 587 1634 fallit:

425 1781 563 1850 Metam.
587 1781 638 1849 111.
667 1787 708 1850 19

534 1935 589 1987 iam
608 1935 680 1988 vada
698 1933 818 2002 Cephisi
839 1935 1028 2003 Panopesque
1048 1943 1178 1990 evaserat
1196 1949 1273 1988 arva:

534 2018 588 2071 bos
606 2018 693 2072 stetit.

426 2216 574 2286 Nonnus
590 2237 676 2286 vero
693 2219 886 2302 pleniorem
903 2219 1173 2304 descriptionem
1190 2223 1322 2287 itineris
1339 2237 1431 2303 prae·

385 2325 442 2393 bet
475 2325 578 2393 Dion.
601 2325 656 2394 IV.
679 2332 877 2410 stt-349,
910 2327 968 2394 ubi
999 2330 1090 2395 viam
1124 2327 1252 2396 faciunt
1274 2346 1338 2412 per
1361 2328 1430 2395 loca

383 2435 526 2504 haecce:
550 2435 696 2503 Daulida
719 2436 885 2521 Panopen
907 2436 1097 2522 Tanagram
1122 2435 1323 2506 Coroneam
1341 2436 1433 2504 Hali·

382 2557 480 2611 arton
503 2544 673 2630 Thespias
697 2545 851 2614 Plataeas
875 2543 1131 2629 Chaeroneam,

382 2699 453 2761 348
496 2699 549 2760 atui
571 2693 649 2774 βοὸς
670 2693 843 2784 ὄμφήεσσα
863 2694 1064 2780 χαμευνάδος
1084 2697 1211 2762 ὤκλασε
1233 2694 1319 2783 χηλὴ.

423 2895 565 2965 apparet
598 2881 738 2965 quidem
763 2897 899 2965 poetam
923 2881 1209 2966 Panopolitanum
1237 2885 1270 2948 in
1293 2899 1434 2966 geogra-

381 2989 462 3076 phia
494 2989 661 3058 Boeotiae
695 3008 817 3074 parum
850 3004 1025 3058 versatum
1060 2989 1179 3059 luisse.
1223 2991 1316 3058 unde
1348 3010 1433 3060 vero

381 3099 467 3167 haec
501 3099 711 3184 oppidorum
746 3102 885 3166 nomina
920 3102 1111 3168 corrasisse
1135 3100 1333 3168 credendus
1359 3101 1435 3168 est?

382 3209 465 3276 nihil
490 3223 542 3278 est
564 3210 658 3293 quod
682 3209 850 3293 expedire
874 3222 940 3276 tam
965 3207 1063 3276 facile
1087 3211 1279 3292 possimus:
1308 3228 1434 3294 nempe

382 3319 426 3386 de
460 3317 572 3386 fabula
597 3316 722 3387 Cadmi
746 3317 872 3384 librum
906 3332 1047 3385 secutus
1070 3320 1199 3386 seriem
1223 3319 1435 3402 oppidorum

382 3428 540 3512 Delphos
561 3431 650 3495 inter
665 3443 698 3495 et
712 3426 850 3495 Thebas
866 3429 1012 3495 sitorum
1030 3426 1262 3510 exhibentem,
1285 3445 1436 3510 quorum

383 3540 521 3604 nomina
538 3537 622 3604 haec
638 3551 732 3605 sunt:
757 3536 877 3604 Daulis
893 3535 1035 3620 Panope
1059 3533 1225 3605 Coronea
1249 3535 1437 3619 HaliartoS,

383 3647 541 3715 ordinem
566 3647 726 3714 traditum
743 3647 905 3728 servavit,
927 3645 991 3712 sed
1014 3658 1176 3729 quattuor
1198 3646 1344 3728 insuper
1361 3649 1436 3731 ipse

382 3756 512 3824 addidit
535 3757 663 3841 oppida
687 3759 865 3824 notissima
883 3753 997 3838 (135).
1042 3768 1160 3822 contra
1183 3773 1223 3821 ea
1246 3773 1351 3838 quam
1378 3775 1437 3841 op-

414 3991 490 4058 (135)
510 3992 594 4045 etiam
614 3989 711 4044 Nonni
729 3999 821 4045 aetate
844 3992 976 4044 extabant
993 3989 1121 4058 Tanagra
1137 3989 1280 4057 Thespiae
1305 3990 1437 4046 Plataeae

382 4073 553 4130 Chaeronea
571 4081 646 4128 teste
664 4074 809 4141 Hierocle,
827 4075 944 4142 synecd.
962 4074 1018 4127 ola
1030 4088 1093 4142 sqq.
