3000 5168
826 487 944 596 (8⁶)

365 682 426 733 cos
470 663 805 748 Metamorphoseon
848 679 938 746 quos
983 657 1152 728 Ovidium
1197 657 1415 726 transtulisse

365 776 528 858 suspicor
559 791 604 840 ex
637 791 707 840 uno
741 771 944 858 pluribusve
979 770 1087 854 libris,
1118 768 1245 854 quihus
1275 771 1415 836 nomina

366 882 598 967 mythologice
616 884 864 950 commentario
887 881 1097 948 brevissimo
1120 892 1267 947 astructa
1291 878 1415 944 ordine

366 993 533 1076 dispositu
556 1006 662 1060 erant.

407 1114 509 1185 poeta
532 1115 715 1188 postquam
738 1100 915 1170 Theseum
948 1120 966 1168 a
993 1113 1136 1187 parente
1170 1118 1235 1168 suo
1263 1100 1417 1183 agnitum

366 1228 445 1278 esse
483 1213 645 1294 narravit,
687 1213 857 1294 quaesivit
893 1212 1114 1278 occasionem
1156 1210 1259 1277 seriei
1297 1226 1417 1276 rerum

366 1332 540 1402 gestarum
562 1319 690 1388 Thesei
707 1321 931 1412 inserendae.
961 1333 1064 1404 atque
1078 1319 1160 1387 vide
1175 1336 1277 1402 quam
1294 1317 1418 1403 pulcre

367 1447 425 1496 res
449 1429 480 1496 ei
504 1431 660 1498 cesserit.
705 1431 875 1513 convivio,
897 1431 1017 1514 inquit,
1039 1431 1163 1514 agitant
1185 1440 1300 1512 patres

366 1617 481 1676 Metam.
500 1620 556 1674 vll.
574 1621 629 1676 432

517 1747 544 1792 et
562 1739 690 1794 medium
708 1740 821 1808 vulqus.
847 1751 902 1794 nec
919 1753 979 1794 non
997 1746 1025 1793 et
1042 1739 1169 1793 carmina
1186 1737 1254 1792 vino

517 1823 665 1890 ingenium
684 1821 809 1878 iaciente
827 1831 942 1877 canunt.

410 2025 561 2091 carmine
594 2038 709 2093 autem
732 2026 827 2110 quod
850 2024 1028 2093 subiunxit
1057 2023 1157 2093 lorria
1180 2023 1265 2092 lacta
1287 2022 1421 2092 Thesei

369 2134 553 2215 recensuit,
575 2135 639 2201 sed
662 2134 757 2201 nullo
781 2135 888 2202 modo
911 2137 1102 2214 exornavit.
1125 2131 1128 2138 '

411 2239 576 2309 Herculis
612 2261 752 2327 quoque
790 2263 847 2311 res
883 2257 1014 2328 gestae,
1055 2243 1119 2311 sed
1155 2241 1197 2310 ab
1234 2244 1312 2327 ipso
1354 2244 1421 2308 iam

368 2369 506 2418 veneno
540 2349 671 2418 imbuto
705 2366 953 2420 enumerantur
976 2350 1090 2436 (198).
1145 2369 1259 2437 neque
1293 2353 1422 2418 iniuria

369 2458 475 2526 credo
499 2457 712 2528 Ehwaldium
730 2459 833 2544 (100)
857 2463 1018 2528 statuisse
1042 2459 1211 2528 Ovidium
1234 2459 1297 2526 hac
1321 2462 1360 2527 in
1385 2479 1423 2527 re

369 2566 554 2652 Sophoclis
577 2570 729 2654 exempli
753 2587 944 2637 memorem
969 2568 1077 2637 luisse
1102 2567 1216 2653 (200).

411 2675 565 2744 Achilles
589 2695 729 2762 quoque
746 2680 888 2746 miratus
912 2697 951 2746 se
968 2675 1130 2762 Cycnum
1146 2675 1333 2745 vulnerare
1352 2697 1423 2744 non

371 2787 527 2868 potuisse
551 2783 636 2854 lacta
659 2805 721 2856 sua
745 2789 820 2872 ipse
844 2787 986 2872 colligit:

370 2968 484 3024 Metam.
502 2969 560 3024 llll.
581 2969 632 3024 106

671 3101 774 3142 manus
791 3095 838 3142 est
855 3103 920 3144 mea
938 3089 1043 3144 debilis
1061 3103 1128 3158 ergo

521 3185 659 3240 quasque,
677 3172 723 3238 ait,
741 3179 807 3226 ante
825 3173 923 3227 habuit
939 3173 1026 3241 vires,
1044 3173 1145 3228 elludlt
1162 3174 1191 3228 in
1210 3175 1288 3227 uno?

521 3265 587 3306 nam
604 3260 684 3309 certe
700 3255 796 3322 valuit,
814 3257 860 3310 vel
878 3271 944 3311 cum
963 3257 1100 3325 Lyrnesia
1118 3257 1229 3324 primus

521 3339 637 3392 moenia
654 3339 745 3394 deieci
762 3340 809 3394 vel
827 3355 893 3394 cum
910 3339 1106 3410 Tenedonque
1125 3355 1238 3408 suoque

398 3449 401 3452 -
521 3420 673 3476 Eetioneas
691 3423 808 3490 implevi
826 3424 967 3492 sanguine
984 3423 1106 3492 Thebas,

520 3505 567 3558 vel
585 3520 650 3560 cum
670 3521 832 3575 purpureus
851 3509 980 3576 populari
999 3509 1086 3564 caede
1105 3507 1211 3562 Caicus

522 3587 602 3644 huxit
619 3604 752 3659 opusque
770 3605 852 3645 meae
873 3593 918 3646 bis
939 3593 1032 3648 sensit
1052 3590 1198 3660 Telephus
1216 3591 1326 3654 hastae.
1355 3597 1357 3600 '

406 3870 483 3940 ((98)
501 3872 615 3928 Metam.
634 3872 676 3929 IX.
698 3874 749 3928 182
761 3889 824 3944 sqq.

407 3963 482 4032 (190)
501 3966 530 4019 in
549 3967 756 4022 commentario
775 3968 909 4022 editionis
928 3983 1008 4024 suae.

407 4055 483 4126 (200)
501 4057 602 4114 Trach.
626 4058 695 4114 1090
708 4074 770 4130 sqq.
