3034 5176
852 499 971 606 (θλ)

385 669 547 739 conabor.
582 671 708 738 ultimis
731 670 848 739 verbis
871 671 1204 756 Metamorphoseon
1228 671 1305 740 libri
1325 671 1351 738 ll
1374 673 1429 742 de·

386 783 508 864 tegitur
530 783 670 848 imitatio
695 781 799 865 epylli
822 781 961 849 Moschi
985 782 1029 849 de
1052 795 1151 866 raptu
1174 781 1350 866 Europae:

382 998 437 1052 873
571 1007 655 1066 pavet
674 1000 745 1054 hoec
764 999 891 1067 litusque
909 999 1001 1054 ablata
1020 1001 1151 1052 relietum

501 1083 617 1149 respicit
635 1091 663 1136 et
681 1083 779 1136 dextra
798 1097 917 1136 cornum
938 1091 1025 1149 tenet,
1043 1084 1130 1136 altera
1149 1083 1235 1136 dorso

451 1163 454 1172 ’
500 1167 633 1234 imposita
652 1175 709 1232 est3
726 1167 867 1220 tremulae
885 1167 1037 1222 sinuantur
1054 1167 1169 1220 flamine
1186 1175 1293 1220 vestes.

425 1373 466 1442 ci.
491 1374 628 1442 Moschi
652 1374 805 1459 Europa:

389 1513 453 1574 125
499 1506 570 1593 ἥδ’
595 1507 644 1596 ἄρ’
669 1509 841 1596 ἐφεζομένη
864 1507 968 1594 Ζηνὸς
991 1514 1094 1590 βοέοις
1117 1511 1173 1574 ἐπὶ
1195 1507 1311 1586 νώτοις

498 1623 535 1710 τῇ
559 1621 619 1702 μὲν
640 1619 711 1700 ἔχεν
734 1616 851 1703 τοιέιροο
873 1615 1006 1702 δολιχόν
1027 1624 1134 1701 κέρας,
1160 1619 1196 1684 έν
1217 1622 1283 1704 χερὶ
1305 1615 1338 1684 δ’
1354 1616 1433 1709 ἄλλῃ

497 1732 580 1813 εἴροε
601 1732 784 1814 πορφυρέην
805 1725 946 1811 στολμοῖι
968 1725 1091 1809 πτύχα,
1113 1727 1202 1816 ὅφρο
1219 1753 1253 1792 κε
1274 1726 1316 1812 μή
1336 1752 1395 1810 μιν

497 1835 582 1902 dabor
603 1835 819 1925 ἐφελκόμενον
840 1833 955 1918 πολιῆς
976 1832 1058 1914 ἁλός
1079 1835 1224 1902 ἄσπετον
1246 1835 1340 1922 ὕδωρ.

497 1944 659 2031 ιιολπιέθη
680 1943 712 2011 δ’
737 1944 883 2029 ἀνέμοισι
905 1946 1031 2024 πέπλος
1052 1943 1160 2028 βαθὺς
1182 1943 1369 2032 Εὐρωπελης

497 2053 601 2120 ἱστίον
623 2052 675 2120 ολά
696 2081 731 2120 τε
752 2055 840 2142 νηός,
861 2053 1062 2144 έλαφρλζεσκε
1082 2056 1118 2121 δὲ
1139 2055 1263 2142 κούρην.

425 2292 587 2356 nimirum
624 2302 768 2374 uterque
802 2305 903 2375 poeta
926 2290 1100 2375 Europam
1135 2290 1300 2358 describit
1326 2291 1431 2376 qualis

384 2400 476 2482 pingi
510 2398 652 2466 solebat.
707 2400 770 2466 sed
804 2399 911 2466 nihilo
946 2402 1059 2466 minus
1093 2414 1235 2483 apparet
1266 2397 1430 2467 Ovidium

383 2509 525 2574 novisse
563 2506 737 2592 Europam
775 2507 928 2590 Moschi,
974 2527 1113 2575 carmen
1158 2508 1430 2576 celeberrimum.

382 2629 528 2684 attamen
563 2617 629 2684 hoc
663 2635 732 2683 uno
766 2636 869 2702 quem
904 2616 1083 2685 laudabam
1117 2617 1195 2685 loco
1223 2632 1373 2704 excepto
1396 2652 1431 2661 —

382 2744 485 2810 quem
503 2725 618 2793 locum
631 2725 820 2793 Lucianum
835 2724 937 2809 (132)
952 2744 1092 2810 quoque
1106 2740 1139 2793 et
1150 2725 1317 2793 Nonnum
1331 2725 1429 2810 (133)
1495 2727 1496 2806 (

382 2834 535 2903 indidem
560 2849 731 2904 mutuatos
758 2854 839 2904 csse
865 2848 1018 2918 apparet,
1037 2855 1120 2902 ¹eum
1148 2835 1301 2920 epyllion
1324 2833 1431 2904 Grae·
1495 2825 1496 2910 l

381 2963 460 3010 cum
494 2946 659 3011 imitatum
694 2963 773 3011 esse
807 2943 889 3010 mihi
923 2944 1062 3028 quidem
1097 2963 1166 3011 non
1196 2944 1312 3028 liquet.
1359 2962 1430 3012 nam

377 3053 476 3136 quod
500 3051 694 3120 Ahrensius
727 3056 762 3119 in
787 3055 1036 3120 commentario
1060 3053 1222 3120 editionis
1251 3073 1336 3121 suae
1359 3053 1431 3120 Mo·
1495 3073 1496 3140 ;

381 3161 455 3229 schi
492 3181 617 3229 versus
655 3161 854 3246 complures
891 3180 969 3228 cum
1004 3159 1188 3228 Ovidianis
1226 3165 1430 3248 composuit,

382 3268 523 3338 forsitan
557 3273 730 3355 quispiam
754 3271 954 3355 praetulerit
987 3270 1032 3337 ihi
1056 3269 1228 3338 fortuitam
1262 3273 1429 3356 quandam
1495 3299 1496 3368 q

382 3379 640 3447 similitudinem
663 3396 862 3464 agnoscere.
901 3392 974 3446 utut
997 3393 1049 3446 est
1068 3415 1108 3424 -
1130 3397 1208 3446 nam
1232 3399 1289 3447 res
1312 3394 1430 3464 suapte
1495 3413 1496 3456 t

382 3501 501 3558 natura
534 3491 577 3555 ita
601 3485 797 3573 comparata
821 3502 872 3556 est
906 3502 942 3554 ut
963 3491 1024 3554 vix
1046 3489 1232 3572 disceptari
1259 3492 1431 3574 possit-
1495 3471 1496 3520 ³

382 3596 466 3664 illud
489 3611 583 3664 certe
606 3617 625 3663 e
648 3598 891 3681 discrepantia,
917 3615 1007 3681 quae
1030 3610 1082 3664 est
1105 3599 1139 3663 in
1162 3599 1304 3664 nomine
1327 3599 1429 3682 patris

382 3705 552 3790 Europae,
585 3706 717 3790 liquido
741 3721 832 3791 patet
856 3704 1024 3776 Ovidium
1048 3725 1117 3774 non
1142 3725 1161 3773 e
1183 3705 1260 3792 solo
1284 3705 1429 3794 Moscho
1495 3723 1496 3818 ρ

414 3971 490 4041 (132)
509 3973 574 4028 dial.
592 3987 662 4027 mar.
683 3975 723 4026 15.

401 4064 488 4132 (133)
508 4064 602 4119 Nonn.
624 4065 706 4118 Dion.
725 4065 742 4118 1.
761 4066 797 4119 67
811 4080 872 4134 sqq.
