3000 5168
367 629 369 633 ,
455 522 574 631 (83)

24 691 114 760 Medea
126 709 253 761 munus
270 694 386 761 datum
402 714 493 778 esse,
516 709 552 762 ut
567 697 721 763 nutrices
737 695 812 762 eius
825 707 1042 778 recoqueret.

23 805 125 886 ianque
147 804 333 870 considera
356 821 459 888 quarn
476 821 598 888 parum
615 802 839 888 probabiliter
859 803 1043 870 contendat

19 911 75 994 auis
88 907 252 979 Ovidium
276 930 354 981 curn
371 912 582 998 hypothesin
604 925 813 997 sequeretur
827 911 912 978 illud
928 924 1042 979 mente

24 1019 222 1103 supplevisse.
266 1021 386 1106 quidni
410 1023 526 1106 potius
550 1039 687 1090 mecum
710 1033 838 1090 statuas
861 1019 954 1104 apud
969 1037 1043 1104 my-

24 1127 217 1213 tlographum
251 1132 425 1215 quendam
468 1149 548 1199 eum
585 1133 763 1200 invenisse
799 1129 921 1198 eadem
959 1126 1043 1212 iere,

23 1241 132 1318 quaein
155 1239 344 1324 hypothesi
357 1240 506 1309 Medeae
528 1241 698 1326 leguntur,
721 1240 784 1308 sed
807 1239 910 1323 paulo
934 1238 1043 1323 expli-

19 1343 140 1414 latiora?

53 1965 102 2032 DE
125 1916 531 2038 EXCERPTIONIBVS
557 1963 989 2036 MYTHOGRAPHICIS

45 2171 70 2234 in
99 2168 252 2238 lontibus
280 2167 388 2238 Ovidi
423 2169 643 2254 indagandis,
678 2183 849 2254 utsupra
880 2169 1042 2250 diximus

24 2275 77 2344 llud
100 2294 176 2348 ante
205 2281 320 2346 omnia
351 2271 495 2364 singulis
528 2278 615 2346 locis
648 2296 751 2362 quarn
785 2278 1042 2345 accuratissime

24 2383 225 2456 definiendum
263 2402 316 2456 est
348 2401 462 2455 utrum
500 2401 638 2472 poetam
675 2406 717 2454 an
752 2385 1041 2471 mythographum

31 2510 127 2563 ecatus
160 2499 216 2564 sit.
237 2525 240 2531 r
260 2511 397 2582 praeter
429 2495 544 2564 iontes
576 2513 678 2578 vero,
715 2495 808 2562 unde
843 2508 1041 2579 argumenta

33 2609 222 2673 arrationum
246 2607 320 2674 sive
341 2619 505 2680 exornata
529 2607 604 2673 sive
620 2607 775 2672 inornata
798 2605 941 2687 accepit,
964 2620 1043 2688 per·

42 2731 107 2798 epe,
136 2718 171 2782 ni
200 2713 310 2797 lallor,
340 2733 425 2783 usus
454 2727 507 2783 est
533 2712 818 2799 excerptionibus
845 2711 1043 2796 mythogra-

47 2823 99 2890 icis
114 2823 236 2908 quales
259 2825 293 2890 in
310 2823 441 2908 Hygini
465 2822 657 2892 fabularum
681 2821 770 2890 libro
788 2819 890 2904 (191)
916 2819 1041 2888 multae

52 2945 145 3000 untur
182 2930 350 3017 qualesve
387 2931 552 3000 exhibent
589 2930 758 3001 Clemens
795 2931 972 2997 Romanus
1009 2943 1043 2996 et

23 3032 36 3102 (ἡ

37 3037 154 3109 lemens
183 3041 443 3110 Alexandrinus
477 3044 624 3126 eiusque
658 3039 903 3125 compilatores
927 3035 1042 3123 (192).

31 3165 75 3215 uas
97 3169 165 3218 non
190 3163 320 3218 tanturn
344 3167 536 3234 puerorum
559 3151 594 3218 in
611 3168 725 3232 usum,
747 3150 811 3218 sed
834 3151 934 3217 etiam
958 3165 1043 3232 poe·

36 3275 97 3325 rum
124 3274 157 3328 et
180 3259 409 3327 litteratorum
436 3259 617 3327 nominum
645 3257 820 3326 coniectas
853 3275 933 3326 esse
966 3259 1041 3324 iure

28 3370 101 3434 tatuit
121 3367 306 3436 Michaelis
330 3365 445 3453 (193).
489 3385 631 3453 semper
653 3381 686 3436 et
709 3367 837 3452 ubique
860 3384 955 3450 sane,
982 3365 1040 3432 ubi

30 3478 124 3544 omina
148 3476 382 3562 mythologica
406 3476 548 3545 collecta
565 3479 773 3560 invenimus,
796 3476 948 3544 discerni
971 3493 1041 3544 non

35 3807 97 3878 (191)
116 3813 185 3868 inde
204 3827 220 3866 a
238 3827 262 3868 c.
283 3813 342 3866 121.

34 3907 95 3980 dua)
113 3929 139 3969 v.
158 3911 277 3968 cunta.
296 3911 461 3980 macareus,
486 3913 524 3968 ae
545 3889 656 3984 origine
676 3913 779 3970 annaeus
798 3913 918 3970 aeorum
937 3925 1041 3979 eogno-

33 3991 106 4051 inum.
135 3997 208 4052 diss.
226 3996 322 4052 Berol.
344 3996 414 4050 1898
435 4011 463 4065 p.
479 3995 595 4051 70—87.

35 4090 260 4165 immam
