3000 5168
859 541 979 650 tut

395 718 605 800 argumentis
639 729 709 783 tum
744 735 764 784 e
797 714 950 784 Lucieno
972 713 1127 800 Sulpicio
1150 713 1308 783 Maximo
1331 713 1447 782 Phiio-

393 839 500 893 strato
537 824 761 910 sarcophagis
799 823 975 892 nonnullis
1013 823 1091 907 (93)
1128 838 1199 891 tum
1238 826 1395 892 maxime
1431 846 1447 892 e

393 933 510 1001 Nonni
533 933 695 1002 versibus
730 937 887 1021 repetitis
910 953 988 1002 cum
1014 933 1200 1002 Ovidianis
1233 933 1313 1018 plus
1338 936 1447 1003 semei

394 1045 701 1113 consentientibus.
740 1048 854 1129 itaque
871 1044 965 1130 quod
982 1047 1015 1111 in
1032 1044 1095 1112 hac
1118 1046 1322 1129 quaestione
1348 1060 1448 1128 caput

394 1152 590 1221 habendum
616 1168 678 1237 est,
711 1154 746 1221 id
770 1153 970 1221 iamdudum
994 1155 1145 1236 positum
1169 1167 1221 1221 est
1244 1165 1343 1220 extra
1368 1171 1448 1221 con·
1491 1181 1492 1212 t

394 1263 615 1329 troversiam:
632 1262 676 1329 de
688 1261 832 1346 singuiis
845 1260 950 1330 rebus
963 1260 1087 1345 ambigi
1100 1273 1224 1344 potest.
1246 1274 1278 1326 at
1294 1262 1445 1343 primum

393 1374 548 1438 omnium
583 1371 747 1438 indicium
781 1369 907 1439 afferre
941 1370 1023 1437 mihi
1057 1371 1167 1453 liceat,
1199 1387 1269 1454 quo
1293 1369 1446 1438 Knaachi

393 1481 561 1547 sententia
593 1480 636 1547 de
666 1478 759 1547 ionte
787 1480 963 1546 communi
990 1476 1098 1546 Ovidi
1122 1492 1156 1546 et
1181 1477 1298 1545 Nonni
1323 1477 1447 1544 coniit-

394 1602 516 1656 metur.
553 1607 760 1673 quamquam
786 1585 1047 1656 confirmatione
1071 1605 1140 1654 non
1165 1601 1251 1671 eget.

435 1713 584 1782 Nonnus
608 1714 740 1782 caelum
758 1717 792 1780 in
808 1727 943 1798 septem
960 1731 1076 1796 zonaS,
1099 1732 1169 1781 non
1193 1727 1228 1780 ut
1251 1712 1336 1780 oiim
1359 1713 1448 1781 sole·

394 1822 484 1906 bant,
507 1825 541 1890 in
565 1827 718 1909 quinque
742 1842 820 1891 cum
844 1821 923 1890 alibi
947 1825 1075 1907 passim
1100 1822 1280 1892 describit:
1492 1815 1493 1820 ’

545 2005 648 2074 Dion.
672 2006 694 2074 Ι.
723 2013 787 2074 145
832 2003 938 2084 πόλος
960 2007 1143 2085 §nudiores

663 2115 704 2182 V.
727 2121 773 2183 65
838 2112 980 2204 οὐρανόν
1001 2113 1185 2193 ἑπτάζωνον

649 2222 704 2291 Vl.
728 2229 798 2290 334
843 2222 925 2317 ζώνῃ
947 2223 980 2290 δ’
1003 2221 1161 2317 ἑβδομάτῃ

394 2466 463 2518 turn
499 2453 531 2518 in
567 2451 678 2519 tabula
702 2451 926 2520 Phaethontis
956 2451 1143 2519 identidem
1180 2450 1242 2518 hac
1272 2454 1445 2522 divisione

393 2563 512 2628 utitur:

392 2743 496 2812 Dion.
519 2743 699 2812 xxxviii.
726 2749 792 2812 115
837 2748 971 2832 αἰθέρος
992 2741 1177 2822 §baulme
1200 2747 1273 2810 ἴτυν

722 2857 794 2919 229
838 2850 936 2938 ζώνης
957 2849 1133 2938 ἑβδομάτης

722 2967 793 3028 312
838 2959 923 3026 ἑπτὰ
943 2964 1018 3049 περὶ
1039 2959 1154 3038 ζώναις

722 3074 789 3136 381
837 3065 979 3156 οὐρανὸν
1000 3067 1185 3147 institutor

475 3248 560 3254 .A—
581 3250 586 3254 .
652 3248 861 3254 --.-—-—-—-——
1075 3249 1093 3252 —
1337 3248 1444 3256 .-..-

424 3347 482 3411 (93)
503 3345 699 3399 monumentis
717 3344 842 3398 accessit
855 3343 948 3398 forma
961 3345 1054 3398 musei
1072 3344 1277 3399 Bostoniensis
1293 3361 1309 3398 e
1323 3346 1445 3414 figulinis

391 3430 527 3495 hminis,
545 3429 580 3483 de
593 3443 650 3496 qua
668 3428 717 3482 eir.
730 3427 903 3496 Hartwigius
923 3427 1022 3482 Phiioh
1044 3429 1114 3482 1899
1132 3443 1157 3496 p.
1170 3429 1220 3482 481
1234 3443 1299 3496 sqq.
1319 3431 1369 3497 qui
1388 3443 1445 3496 pro·
1494 3495 1495 3498 Ἴ

390 3514 521 3567 habiliter
539 3513 636 3567 statuit
656 3513 779 3568 formam
794 3511 878 3566 Ovidi
899 3511 960 3566 fere
976 3521 1068 3567 aetate
1088 3511 1190 3568 iactam
1205 3527 1280 3578 esse,
1300 3515 1445 3580 exemplar

390 3607 485 3652 autem
512 3597 604 3652 fuisse
632 3611 705 3664 opus
733 3599 873 3651 caelatum
900 3598 1000 3652 aetatis
1026 3596 1234 3651 hellenisticae.
1269 3598 1445 3664 conspicitur

390 3681 538 3735 Phaethon
565 3690 658 3735 terrae
684 3681 821 3748 afflictus,
847 3681 974 3749 luppiter
998 3681 1135 3747 iuimine,
1157 3680 1248 3735 Diana
1270 3683 1385 3749 sagittis
1408 3694 1444 3735 ar·

390 3775 474 3833 mata,
493 3765 601 3834 Tethys
619 3765 654 3832 (v.
668 3765 762 3820 Valet.
780 3765 870 3820 Flacc.
881 3765 915 3819 V.
927 3765 992 3832 431)
1012 3776 1088 3820 roras
1107 3765 1265 3833 disperses,
1283 3763 1334 3818 Sol
1354 3779 1443 3833 equos

389 3861 521 3906 amentes
540 3851 691 3918 colligens,
709 3850 847 3904 Heliades
866 3851 894 3904 in
913 3851 1031 3904 arbores
1049 3857 1182 3904 mutatae.
1209 3857 1306 3902 utrum
1326 3862 1443 3916 eaquae

390 3934 484 3988 iorma
496 3934 614 3989 hretina
632 3935 714 4003 plura
732 3935 817 3988 habet
835 3949 921 4003 quarn
935 3933 1059 3988 Ovidius
1076 3943 1105 3988 et
1118 3932 1251 3999 Nonnus,
1269 3934 1442 4000 quibuscum

389 4019 462 4072 mire
479 4020 633 4087 consentit,
651 4018 809 4072 debeantur
827 4018 974 4072 communi
994 4019 1067 4072 ionti
1080 4017 1274 4071 Alexandrino
1293 4029 1388 4071 necne
1406 4017 1443 4069 di·

389 4102 516 4156 iudicare
535 4117 593 4157 non
612 4116 779 4171 possumus.
