3000 5168
530 533 651 642 (⁴¹)

74 706 185 773 sedin
208 721 339 775 textum
368 708 457 776 male
484 711 663 776 insertum.
712 721 746 776 et
768 706 1018 778 Laurentianus
1044 713 1119 794 qui-

74 815 147 882 dem
170 817 227 882 itn:

290 1001 364 1054 victu
382 999 481 1053 labore
500 997 597 1066 lugne,
612 997 722 1065 Tellus,
739 999 786 1066 nit,
804 999 885 1053 hisce
902 999 949 1054 vel
967 1002 1051 1056 istam

291 1098 366 1151 quse
386 1083 454 1137 lneit
470 1091 502 1136 ut
520 1083 617 1136 laedar
633 1083 772 1136 mutando
790 1083 880 1150 perde
896 1083 1025 1151 liguram,

293 1182 350 1234 qna
367 1168 488 1222 niruiunr
507 1168 601 1234 placui
619 1175 815 1234 spectansque
831 1166 974 1222 Peneidos
992 1170 1085 1223 undas

292 1251 334 1304 ie'r
351 1260 439 1318 puter,
457 1251 558 1318 inquit,
576 1265 674 1318 opem,
691 1251 716 1306 si
734 1251 854 1306 flumina
871 1265 980 1306 numen
998 1253 1117 1307 haberis.

107 1453 253 1520 similem
280 1455 535 1522 contaminandi
559 1457 726 1522 rationem
750 1453 1004 1539 Amploninnus
1031 1455 1119 1524 liber

67 1563 229 1644 prodidit:

291 1749 365 1804 victa
383 1750 480 1805 labore
499 1750 583 1819 fugae
601 1757 737 1819 spectans
756 1749 900 1803 Peneidns
918 1749 1010 1804 undns

293 1833 337 1888 ier
354 1843 443 1902 pater,
459 1835 562 1903 inquit,
578 1849 674 1903 opem,
691 1834 717 1888 si
735 1833 854 1888 flumina
871 1848 980 1888 numen
998 1835 1118 1890 habetis.

291 1932 348 1986 qus
366 1919 487 1974 nimium
505 1919 610 1986 placui,
625 1918 734 1984 Tellus,
751 1918 798 1985 ait,
816 1918 898 1974 bisce
916 1919 961 1972 vel
979 1918 1075 1983 istam,

292 2017 366 2070 quae
384 2001 453 2058 lucit
470 2011 502 2057 ut
518 2003 623 2070 luedtr,
641 2002 779 2058 mutando
797 2002 886 2070 perde
903 2001 1031 2070 ligurum.

101 2235 294 2307 utrumque
317 2240 446 2290 numen
463 2224 705 2291 intercessisse
728 2224 843 2306 inepta
859 2224 1018 2308 cogitatio
1035 2225 1116 2290 est‘

100 2333 186 2416 quid
210 2330 347 2399 multu?
381 2331 468 2399 vidit
489 2331 663 2399 Mnnssius
685 2345 720 2399 et
742 2333 951 2400 coniecturis
973 2349 1119 2416 parcen·

59 2441 140 2509 dum
165 2459 253 2509 esse
276 2459 390 2525 neque
423 2459 499 2509 enm
523 2441 694 2509 medelum
718 2443 849 2525 requiri
882 2454 919 2508 ut
940 2439 1117 2526 superflua

58 2553 317 2634 reciderentur,
350 2552 457 2618 immo
491 2552 606 2636 ipsum
640 2563 779 2636 poetam
813 2549 866 2618 bis
894 2550 1009 2620 locum
1033 2564 1121 2620 trac·

57 2673 160 2743 tasse,
195 2659 310 2728 semel
336 2657 467 2743 Peneo,
498 2659 609 2728 semel
631 2657 773 2728 Tellure
806 2661 973 2727 invocata.
1010 2662 1122 2744 scrip-

56 2773 141 2839 serit
164 2772 274 2854 igitur
296 2783 329 2837 et
351 2768 417 2836 hos
439 2788 565 2837 versus
588 2788 678 2855 quos
701 2771 848 2837 restituit
871 2767 1062 2854 Hauptius:

290 2985 364 3040 victu
382 2986 480 3040 labore
499 2985 585 3056 lugte
603 2993 740 3055 spectnns
759 2986 900 3042 Peneidas
918 2987 1012 3042 undas

292 3069 337 3124 ier
354 3077 443 3138 pater,
460 3071 560 3139 inquit,
578 3085 675 3138 opem,
693 3071 718 3125 si
731 3070 849 3126 flumina
867 3085 976 3126 numen
994 3072 1122 3138 habetis;

291 3168 348 3221 qun
365 3153 487 3209 ninnium
506 3155 609 3222 placui,
627 3155 768 3209 mutando
784 3155 873 3222 perde
891 3154 1020 3224 ligurum.

96 3388 131 3443 et
155 3373 229 3441 hos
252 3390 341 3457 quos
364 3372 480 3441 elicuit
502 3373 690 3441 Mnassius:

290 3587 364 3642 victu
382 3588 481 3642 labore
499 3586 594 3657 lugne,
611 3586 720 3652 Tellus,
737 3589 783 3656 uit,
802 3587 884 3642 hisce
900 3589 947 3643 vel
965 3589 1050 3643 istum

291 3685 366 3739 quse
384 3670 453 3726 lucit
469 3679 501 3726 nt
518 3671 623 3738 kedar,
640 3672 779 3727 mutando
797 3672 886 3740 pertle
903 3673 1032 3742 ligurum.

95 3875 251 3945 dubium
286 3888 338 3942 est
360 3877 474 3942 sintne
496 3874 712 3944 hemistichia
745 3899 812 3960 qun
841 3876 983 3942 nimium
998 3877 1120 3962 placui

50 4002 162 4071 utque
187 4004 274 4068 quae
293 3984 381 4067 fucit
403 3992 441 4049 nt
462 3984 583 4050 laedar
605 3987 655 4053 sic
679 4000 772 4054 recte
797 3985 962 4054 collocata
979 4003 1022 4053 un
1038 4003 1120 4069 per-

52 4093 230 4164 mutanda
263 4095 352 4162 inter
384 4112 433 4163 se.
477 4094 540 4162 sed
573 4091 640 4162 hoc
673 4094 756 4162 nihil
790 4096 942 4165 adrem.
987 4108 1121 4163 constat
