3000 5168
844 483 964 587 llll

381 649 495 734 pibus,
527 653 625 718 tertia
649 649 728 734 (41)
752 654 873 736 paucis
900 667 1036 720 enarrat
1062 651 1240 720 historiam
1264 651 1451 719 Arcadiae

381 759 463 827 inde
485 779 504 826 a
527 759 619 828 bello
641 759 797 828 Troiano
820 781 932 846 usque
955 761 998 829 ad
1021 759 1148 830 foedus
1170 761 1379 829 Achaicum.

423 884 478 952 bis
511 885 617 954 rebus
650 887 694 954 ad
726 885 830 955 linem
865 887 1043 971 perductis
1065 885 1253 954 Pausanias
1280 887 1315 953 id
1341 887 1448 970 quod

380 993 447 1060 sibi
470 995 567 1062 initio
596 1011 829 1080 proposuerat
854 1009 1018 1080 repetens
1040 995 1084 1062 ad
1105 993 1257 1080 Tegeam
1280 1009 1314 1062 et
1338 995 1449 1062 Man·

380 1104 506 1170 tineam
530 1123 595 1172 nos
618 1104 760 1188 relegat:

422 1227 478 1296 Vl.
490 1235 523 1296 4.
549 1231 634 1297 είσίν
647 1227 708 1297 οὖν
727 1231 758 1307 ἐς
775 1228 950 1318 Ἀριαδίαν
968 1231 1099 1314 ἐσβολαί
1120 1228 1203 1296 κατὰ
1217 1227 1275 1316 την
1288 1229 1448 1314 Ἀργείαν

379 1335 464 1422 πρὸς
483 1339 544 1422 μὲν
561 1337 687 1406 Ὑσιῶν
707 1343 761 1404 καί
782 1336 865 1426 ὑπὲρ
889 1337 927 1405 τό
951 1337 1027 1426 ὄρος
1046 1337 1084 1404 τό
1109 1343 1301 1426 Παρθένιον
1320 1339 1358 1415 ἐς
1381 1339 1445 1423 την

381 1445 572 1533 Τεγεατικήν
589 1445 651 1514 dio
672 1473 708 1513 τε
728 1448 826 1514 ἄλλαι
846 1449 931 1514 κατὰ
950 1454 1157 1516 Μαντίνειαν
1178 1445 1234 1514 διά
1254 1473 1289 1512 τε
1311 1454 1446 1535 Πρίνου

378 1555 574 1642 καλουμένης
593 1559 647 1622 καί
669 1555 723 1623 διὰ
745 1557 914 1642 Κλίμακος.

421 1683 506 1767 quid
530 1683 661 1750 multa?
695 1683 772 1750 luce
796 1683 922 1752 clarius
945 1697 998 1752 est
1020 1682 1224 1751 Pausaniam
1248 1685 1443 1751 exordium

380 1791 519 1859 aliunde
542 1791 675 1860 scilicet
697 1793 921 1877 desumptum
944 1794 1148 1874 inseruisse,
1181 1793 1313 1876 reliqua
1338 1808 1444 1876 parte

381 1899 458 1966 libri
481 1914 539 1967 aut
561 1902 753 1986 perscripta
776 1915 833 1968 aut
855 1901 976 1969 saltem
1000 1901 1168 1968 inchoata.

424 2035 534 2118 prima
557 2051 638 2118 pars
661 2036 784 2103 exordi
812 2037 915 2102 situm
939 2033 1109 2104 Arcadiae
1136 2038 1170 2102 in
1197 2035 1310 2102 media
1333 2033 1443 2102 Pelo·

382 2160 542 2226 ponneso
584 2141 729 2211 illustrat
772 2144 999 2213 dinumeratis
1042 2143 1241 2228 regionibus
1285 2145 1442 2210 circum·

382 2250 572 2318 iacentibus
605 2270 695 2336 quae
727 2271 803 2320 eam
830 2273 849 2320 a
876 2255 961 2321 mari
995 2252 1193 2321 excludunt.
1237 2254 1271 2319 in
1304 2252 1440 2336 quibus

380 2357 510 2428 iontem
544 2379 647 2428 suum
683 2363 899 2430 contraxisse
921 2360 1125 2430 Pausaniam
1149 2362 1229 2430 inde
1253 2361 1440 2446 probabile

381 2467 416 2536 lit
439 2469 534 2554 quod
558 2469 667 2538 semel
691 2489 804 2538 nexus
827 2473 1075 2539 sententiarum
1098 2472 1235 2538 vitiatus
1259 2485 1326 2538 est:

421 2593 547 2672 τούτοις
567 2594 603 2660 δὲ
631 2593 695 2680 (sc.
718 2594 1075 2665 Lacedaemoniorum
1098 2594 1288 2681 perloecis)
1316 2594 1440 2680 ὅμορος

380 2701 398 2790 ἣ
415 2708 601 2790 Μεσσηνία·
623 2710 812 2788 καταβαίνει
833 2703 895 2794 γὰρ
914 2709 1006 2790 μέχρι
1023 2703 1195 2792 θαλάσσης
1215 2705 1247 2781 ἐς
1261 2703 1440 2792 Μοθώνην

379 2813 432 2878 καί
456 2810 568 2880 Πύλον
589 2817 641 2878 καί
664 2814 720 2880 ἐπὶ
743 2812 975 2903 Κυπαρισσιάς.

422 2939 507 3022 quid
535 2939 672 3008 tandem
707 2939 772 3008 sibi
800 2940 873 3008 vult
896 2941 987 3008 istud
1008 2937 1096 3023 reip?
1129 2958 1235 3007 sensu
1260 2957 1358 3006 cassa
1383 2955 1439 3006 est

380 3045 549 3116 hocloco
572 3050 770 3116 coniunctio
793 3049 951 3117 causalis.

423 3185 537 3240 cetera
572 3175 686 3242 omnia
722 3175 823 3260 plane
856 3177 1042 3260 perspicua
1075 3189 1164 3242 sunt.
1211 3175 1296 3258 quin
1330 3175 1436 3240 etiam

380 3293 524 3350 aetatem
559 3280 663 3350 fontis
697 3283 889 3352 delinituris
922 3303 1041 3352 ansam
1075 3282 1251 3368 praebent.
1295 3301 1375 3349 nam
1399 3299 1437 3349 ut

381 3391 533 3458 omlttam
555 3389 664 3460 luisse
687 3411 766 3459 cum
782 3391 929 3460 Arcadia
953 3393 996 3460 ad
1019 3411 1113 3460 mare
1137 3394 1326 3477 pertineret
1342 3389 1436 3475 (42),

381 3497 483 3583 longe
505 3501 644 3584 gravius
660 3513 713 3568 est
731 3501 826 3586 quod
841 3499 1020 3586 Triphylia
1035 3501 1234 3569 Messeniae
1257 3498 1434 3566 tribuitur:

420 3630 475 3718 τῆς
496 3631 531 3697 δὲ
552 3631 608 3718 γῆς
628 3631 683 3718 τῆς
709 3630 837 3710 Ἠλείας
867 3631 950 3700 κατὰ
981 3635 1041 3718 μὲν
1068 3631 1260 3718 Ὀλυμπίαν
1290 3635 1344 3697 καὶ
1377 3639 1436 3699 τοτ’·

371 3736 519 3830 Ἀλφειοῦ
540 3739 597 3819 τὰς
618 3739 750 3822 ἐκβολὰς
771 3740 855 3831 πρὸς
875 3741 934 3828 τὴν
957 3748 1148 3829 Μεσσηνίαν
1169 3744 1252 3808 είσὶν
1274 3739 1355 3844 ὅροι.

413 4038 471 4108 (τι)
491 4038 558 4094 Vlll.
575 4039 601 4094 a.
623 4041 696 4094 1-3.
