3000 5168
522 473 642 582 (⁵³)

43 641 188 712 Ovidio
223 644 353 730 aliquid
386 643 464 711 elici
495 646 632 728 poterit.
676 643 799 711 ordine
815 641 998 738 ¹proferam
1022 662 1111 728 quae

43 753 252 822 observavi.
963 743 967 753 '

90 865 164 931 iam
188 859 397 931 Odolretius
419 861 550 930 Miiller
573 859 675 945 (109)
710 863 796 930 vidit
822 859 955 930 Ovidio
991 861 1111 930 deberi

43 975 232 1040 introitum
267 971 402 1040 fabulae
433 991 503 1056 quo
538 990 616 1039 cum
651 970 764 1039 fabula
798 971 854 1038 lus
889 990 953 1055 per
977 970 1111 1056 Epaphi

44 1083 213 1149 convicia
248 1082 448 1148 conectitur.
493 1094 754 1148 verumtamen
789 1094 926 1164 poetam
951 1082 1110 1148 ordinem

44 1190 249 1257 fabularum
273 1191 433 1256 traditum
458 1191 648 1273 accepisse,
678 1203 715 1256 ut
737 1189 876 1256 credam
901 1187 980 1256 lacit
1003 1189 1113 1274 Hygi·

45 1298 237 1383 nus'apud
268 1285 372 1382 quern
395 1297 529 1383 Epaphi
556 1297 703 1365 tabulam
730 1296 832 1380 (110)
868 1296 980 1364 tabula
1003 1297 1113 1366 Phae·

45 1410 187 1476 thontis
212 1407 315 1491 (111)
339 1410 500 1493 proxime
524 1391 692 1492 sequitur.

96 1519 197 1584 initio
221 1517 300 1584 libri
323 1515 350 1583 ll
374 1501 620 1584 describuntur
643 1518 757 1601 regiae
780 1514 872 1583 Solis
903 1515 998 1585 iores
1033 1517 1109 1584 illae

47 1627 215 1695 caelatae.
239 1626 383 1695 adhaec
400 1625 596 1693 Knaackius
613 1625 679 1693 hoc
696 1626 802 1692 modo
821 1623 940 1708 (112):
966 1624 1112 1709 „lPhae

46 1732 228 1816 thontem)
260 1735 302 1801 ad
325 1732 417 1802 Solis
441 1735 546 1802 aedes
571 1735 668 1800 initio
692 1732 837 1800 secundi
865 1732 942 1800 libri
967 1736 1111 1818 copiose

47 1844 249 1926 descriptas
282 1841 414 1906 adclioo
446 1841 552 1906 limite
576 1839 654 1924 (19)
689 1843 831 1908 venisse
862 1843 1111 1924 comperimus.

47 1956 83 2020 in
110 1968 298 2018 summone
322 1963 440 2018 monte
463 1948 629 2018 luerunt?
673 1963 705 2016 at
727 1949 838 2036 qualia
856 1962 978 2034 ectypa
1002 1951 1111 2017 valvis

48 2061 193 2130 aedium
218 2059 404 2143 insculpta:

154 2277 304 2330 caeruleos
323 2277 408 2329 habet
427 2275 503 2330 unda
522 2276 603 2336 deos,
620 2274 737 2329 Tritona
755 2290 893 2330 canorum

156 2360 316 2426 Proteaque
334 2361 501 2426 ambiguum
521 2360 766 2427 balaenarumque
784 2369 964 2426 prementem

158 2444 312 2512 Aegaeona
330 2444 392 2497 suis
411 2444 548 2498 immania
566 2452 645 2511 terga
663 2444 777 2497 lacertis

153 2527 319 2595 Doridaque
336 2537 364 2580 et
377 2535 464 2580 natas
491 2541 612 2596 quarum
632 2541 698 2594 pars
717 2541 786 2580 nare
803 2527 944 2593 videntur,

156 2625 224 2679 pars
243 2611 271 2664 in
291 2612 368 2664 mole
387 2612 494 2664 sedens
512 2611 620 2665 virides
640 2612 750 2665 siccare
768 2611 888 2678 capillos
907 2626 931 2664 e.
950 2626 976 2678 q.
995 2627 1018 2664 s.

96 2827 257 2915 prolecto
282 2831 388 2913 magis
413 2829 614 2913 quadrantia
638 2831 671 2896 in
695 2829 801 2897 aedes
824 2831 984 2896 marinas.
1029 2829 1111 2913 quid

52 2939 151 3023 quod
170 2936 302 3022 Tethys
319 2939 393 3022 ipsa
417 2938 481 3006 dea
505 2941 635 3006 marina
660 2938 822 3023 repagula
845 2939 944 3022 equis
968 2936 1111 3005 fervidis

54 3046 221 3131 repellit?
265 3049 320 3114 cui
344 3064 466 3131 parurn
483 3061 600 3132 aptum
624 3065 704 3114 esse
728 3046 843 3115 locum
867 3049 901 3114 ln
924 3065 1004 3114 arce
1020 3044 1111 3114 Solis

55 3170 152 3223 recte
175 3158 284 3224 sensit
301 3155 474 3240 Hauptius
493 3154 551 3239 (ad
569 3154 662 3239 156).
707 3158 821 3239 itaque
844 3158 878 3222 ni
902 3154 1003 3222 fallor
1025 3155 1111 3222 duas

55 3265 184 3331 domus
218 3262 309 3332 Solis
343 3264 439 3332 Naso
473 3267 686 3349 permiscuit,
723 3283 868 3350 quarum
903 3263 1043 3331 alteram
1078 3266 1111 3329 in

56 3386 175 3440 monte
192 3375 339 3458 positam
357 3371 500 3441 lorsitan
517 3393 562 3442 ex
577 3373 743 3457 Euripide
760 3375 949 3454 retinuerit,
972 3372 1112 3439 alterius

55 3516 94 3524 -
118 3496 155 3548 ut
179 3494 232 3547 est
254 3482 347 3565 apud
369 3480 535 3549 Nonnum
560 3517 598 3526 -
622 3480 725 3548 simul
749 3482 914 3548 memor.“

82 3669 460 3676 ——-——-—-—---·——---
825 3668 951 3674 η.-
959 3667 1113 3674 -.-——--—

91 3779 168 3846 (109)
188 3781 296 3850 proleg.
314 3797 349 3836 zu
369 3783 449 3836 einer
466 3781 688 3837 wissenschaltl.
707 3781 882 3848 Mythologie
900 3795 927 3848 p.
939 3779 984 3834 92.

91 3863 167 3931 (110)
186 3863 243 3918 lab.
265 3863 316 3918 149
330 3880 373 3933 sq.
902 3873 903 3876 ’

91 3947 166 4014 (111)
187 3947 243 4002 lab.
266 3949 317 4002 152
329 3963 372 4018 sq.

94 4031 168 4098 (112)
188 4034 205 4086 l.
226 4034 243 4085 l.
262 4047 288 4100 p.
307 4033 342 4085 28
356 4048 398 4102 sq.
