3000 5168
794 514 916 631 (⁷2)

331 691 460 780 pariter
493 689 698 780 expilarunt.
752 697 847 781 quod
881 709 917 764 ut
950 709 1043 764 recte
1077 707 1110 762 et
1143 709 1222 764 cunt
1257 687 1385 764 iudicio

330 801 445 873 lacere
468 807 657 890 possimus,
690 803 932 889 perlustranda
965 803 1067 873 nobis
1101 818 1202 873 erunt
1226 818 1387 874 veterum

331 913 375 981 de
397 911 559 998 Europae
585 927 685 998 raptu
709 912 906 1000 Cadmique
940 915 1218 999 peregrinatione
1239 913 1388 983 Thebis-

331 1039 399 1107 que
423 1022 572 1090 conditis
595 1024 790 1090 testimonia
814 1021 929 1107 (153).

370 1146 573 1233 Theogonis
611 1147 761 1217 Hesiodi
792 1147 895 1232 (154)
933 1152 1029 1217 novit
1062 1147 1188 1220 Cadmi
1227 1163 1260 1218 et
1298 1150 1389 1218 Har·

331 1258 468 1325 moniae
489 1255 639 1327 Veneris
662 1256 751 1326 filiae
774 1261 911 1344 nuptias
934 1277 1128 1344 eorumque
1150 1258 1281 1328 liberos
1296 1258 1389 1328 Tbe-

330 1365 384 1434 bis
406 1379 516 1434 natos.
565 1366 697 1435 scholia
719 1366 838 1435 ABD
871 1368 915 1436 ad
947 1366 1088 1436 Iliadem
1112 1367 1215 1452 (155)
1250 1383 1387 1454 ruptum

243 1533 245 1540 .
330 1473 491 1560 Europae
514 1475 674 1544 Hesiodo
697 1479 880 1561 assignant.
918 1495 996 1544 cum
1018 1495 1105 1545 vero
1126 1477 1290 1546 versibus
1313 1481 1388 1564 qui·

330 1584 396 1652 bus
419 1584 505 1652 haec
527 1583 659 1652 scholia
692 1587 826 1670 appicta
849 1599 930 1653 sunt
962 1599 1091 1654 tantum
1115 1586 1158 1654 de
1181 1583 1387 1670 Sarpedone

331 1707 458 1778 agatur,
479 1696 555 1762 veri
578 1693 691 1761 simile
714 1707 767 1761 est
789 1693 1081 1779 subscriptionem
1098 1692 1243 1763 fluxisse
1265 1714 1286 1764 e
1309 1694 1388 1763 bre·

330 1805 431 1870 viore
475 1803 610 1871 scholio
653 1803 753 1888 quale
791 1803 931 1871 exhibet
972 1804 1086 1872 codex
1121 1802 1387 1872 Townleionus:

325 1909 471 1988 Ἡσίοδος
506 1912 541 1977 δὲ
577 1905 739 1998 Εὐρώπης
777 1915 830 1977 καὶ
868 1909 952 1990 Aede
991 1909 1096 1980 αὐτόν
1135 1929 1234 2000 φησιν
1271 1911 1387 1996 (156).

330 2019 481 2088 Thebais
515 2020 644 2106 cyclica
675 2018 778 2105 (157)
814 2017 988 2090 Cadmum
1022 2020 1180 2090 laudabat
1212 2034 1387 2108 tamquam

239 2110 244 2122 ’
330 2143 486 2198 veterem
501 2128 699 2198 Thebarum
724 2146 852 2214 regem.
882 2133 916 2197 in
933 2127 1099 2214 Odyssea
1115 2128 1218 2214 (158)
1235 2133 1388 2199 occurrit

332 2237 392 2306 Ino
425 2237 623 2307 Leucothea
657 2237 783 2308 Cadmi
817 2237 884 2307 lilia
919 2258 939 2307 e
972 2240 1119 2308 muliere
1152 2240 1287 2308 mortali
1322 2241 1387 2309 dea

332 2350 462 2416 marina
496 2347 591 2416 iacta.
645 2348 802 2417 Alcmani
830 2347 933 2433 (159)
968 2367 1109 2434 quoque
1141 2348 1222 2417 Inus
1256 2368 1387 2419 numen

334 2471 453 2524 notum
487 2473 569 2526 erat
621 2458 706 2526 haec
740 2473 852 2527 autem
891 2461 1006 2527 omnia
1043 2477 1112 2527 non
1148 2461 1388 2529 demonstrant

364 2785 438 2852 (153)
457 2787 494 2840 de
516 2785 619 2844 Cadmi
648 2786 744 2841 iabula
771 2789 795 2842 si
824 2788 907 2842 etiam
935 2795 1001 2854 post
1020 2785 1157 2841 Crusium
1185 2788 1202 2840 l.
1222 2788 1238 2840 l.
1263 2787 1387 2854 dissero,

330 2870 413 2924 valde
431 2871 520 2928 timeo
544 2885 582 2924 ne
606 2885 691 2938 aegre
714 2872 911 2939 suspicionem
930 2887 946 2924 a
965 2885 1012 2926 me
1038 2872 1220 2939 propulsem‚
1246 2871 1329 2940 quasi
1357 2873 1386 2925 in

330 2955 453 3011 alienam
473 2969 601 3008 messem
622 2954 726 3010 ialcem
746 2956 901 3010 intulerim.
930 2970 1104 3025 quamquam
1126 2969 1184 3010 non
1203 2956 1289 3024 plane
1307 2956 1384 3010 idem

331 3039 444 3106 utrique
471 3048 602 3093 nostrum
630 3047 675 3094 est
700 3042 890 3108 propositum.
931 3039 1038 3094 Crusio
1066 3041 1143 3095 enim
1171 3041 1275 3109 ingens
1302 3042 1387 3108 copia

330 3123 560 3179 testimoniorum
592 3124 807 3192 quodammodo
837 3125 993 3194 digerenda
1022 3133 1097 3192 erat,
1128 3124 1205 3193 quod
1234 3125 1384 3192 proprium

331 3207 522 3276 lexicographi
536 3223 643 3263 munus
657 3219 710 3276 est,
723 3210 793 3264 mihi
805 3224 875 3264 vero
887 3209 923 3264 de
935 3209 989 3264 hac
1001 3208 1099 3263 isbuia
1111 3223 1197 3278 quam
1210 3209 1387 3264 brevissime

330 3300 429 3357 potero
449 3292 545 3346 critica
562 3293 716 3361 disputatio
735 3294 910 3348 instituenda
929 3301 974 3348 est
992 3308 1026 3348 eo
1043 3293 1166 3348 consilio
1185 3302 1216 3346 ut
1234 3292 1388 3348 deliniatur

330 3388 403 3440 quae
422 3373 508 3429 Ovidi
530 3385 675 3431 auctorem
700 3379 774 3432 inter
796 3377 952 3446 fontesque
971 3377 1086 3432 tabulae
1104 3376 1207 3432 Cadmi
1226 3376 1387 3456 intercedat

330 3459 409 3513 ratio.

364 3550 735 3622 (fflwmfflm

364 3642 440 3711 (155)
458 3642 488 3696 Μ
505 3644 568 3698 292.

363 3735 440 3803 (156)
460 3735 497 3790 cf.
510 3738 601 3791 schol.
613 3737 700 3792 Rhes.
712 3739 761 3792 29:
780 3737 794 3792 ὁ
813 3738 842 3794 δέ
855 3736 975 3800 Ἡσίοδος
988 3737 1122 3811 Εὐρώπης
1131 3740 1184 3811 μέν
1194 3755 1278 3810 φησιν
1294 3738 1387 3796 αὐτόν.

329 3835 354 3875 v.
374 3818 526 3889 Schwartz,
545 3820 665 3889 Quaest.
682 3822 790 3878 Herod.
808 3838 834 3892 p.
851 3825 891 3877 14.

364 3910 440 3980 (157)
460 3911 563 3968 Athen.
581 3913 624 3968 Xl.
643 3929 668 3982 p.
692 3915 746 3968 465
757 3931 779 3970 e.

363 4004 439 4073 (158)
457 4025 470 4060 r
486 4007 542 4062 333
555 4021 618 4076 sqq.

362 4098 443 4166 (159)
464 4099 516 4168 qu.
533 4101 579 4154 83.
