3000 5168
846 493 968 597 llll

384 695 535 750 mentem
568 685 714 750 venerit.
758 701 915 750 errorem
954 686 1136 767 peperisse
1168 683 1333 765 suspicor
1364 698 1459 746 ver-

383 809 461 858 sum
486 789 564 874 (17)
588 810 658 876 quo
682 789 799 875 Clytie

567 1011 664 1078 vulgat
681 1010 854 1064 adulterium
873 1010 1111 1077 diffamatumque
1128 1010 1240 1076 parenti

567 1110 681 1178 indicat,

383 1312 544 1382 videlicet
576 1316 663 1398 patri
686 1311 916 1396 Leucothoes,
949 1332 1019 1380 non
1052 1331 1118 1379 suo
1151 1325 1184 1378 et
1205 1309 1451 1391 Leucothoes,

385 1435 422 1488 ut
443 1423 688 1506 interpretatus
711 1436 764 1488 est
786 1441 981 1506 anonymus
1006 1419 1095 1504 (18).

425 1551 492 1616 iam
514 1566 600 1616 vero
624 1548 725 1615 nobis
748 1550 782 1616 id
805 1550 976 1632 agendum
1001 1563 1053 1617 est
1079 1563 1116 1614 ut
1138 1550 1264 1616 ceteris
1286 1550 1448 1631 antiquis

384 1659 428 1726 de
464 1656 627 1741 Lycaone
664 1661 810 1742 eiusque
855 1662 994 1726 interitu
1030 1660 1238 1726 testimoniis
1274 1655 1446 1722 adhibitis

384 1763 493 1834 Ovidi
528 1769 674 1850 eiusque
707 1765 812 1833 fontis
846 1764 949 1833 fidem
984 1769 1235 1834 examinemus.
1282 1767 1444 1850 primum

383 1877 446 1942 tria
468 1872 609 1943 alienam
633 1879 828 1943 testimonia
851 1876 1146 1960 mythographica,
1179 1894 1267 1960 quae
1290 1889 1323 1941 et
1348 1877 1445 1941 inter

383 2003 423 2052 se
460 1985 703 2068 componenda
739 1999 819 2052 sunt
854 2000 888 2052 et
925 2005 1004 2052 cum
1041 1983 1173 2052 Ovidio
1212 1982 1442 2052 conferenda.

376 2109 536 2176 quorum
559 2105 667 2160 aetate
698 2107 913 2176 postremum
945 2097 1094 2178 primum
1129 2094 1244 2160 locum
1268 2091 1441 2160 obtineto.

425 2218 535 2302 Myth.
571 2217 678 2286 Vatic.
715 2218 752 2284 ll.
787 2224 849 2286 60:
895 2218 1054 2304 „Lycaon
1099 2239 1205 2304 quum
1249 2233 1440 2302 susceptos

384 2329 535 2412 hospitio
559 2328 718 2398 homines
742 2332 941 2396 interimere
968 2330 1090 2396 solitus
1124 2343 1227 2412 esset,
1260 2342 1440 2412 stupratae

384 2440 529 2522 insuper
562 2436 649 2505 filiae
683 2438 806 2506 dolore
834 2453 1040 2521 commotus,
1073 2438 1155 2506 Iove
1188 2438 1340 2522 hospitio
1376 2456 1439 2504 ex·

385 2560 497 2632 cepto,
519 2565 626 2631 quum
642 2547 746 2614 vellet
761 2547 946 2632 explorare
969 2567 1011 2614 an
1034 2567 1140 2616 verus
1160 2547 1315 2632 luppiter
1332 2561 1441 2628 esset,

385 2669 420 2754 ut
457 2670 640 2740 expertum
684 2656 862 2724 hominem
891 2653 1031 2742 'polluto
1076 2656 1316 2742 hospitalitatis
1362 2658 1440 2722 iure

385 2767 484 2832 citius
501 2763 579 2848 (19)
604 2768 827 2849 interimeret,
861 2765 1045 2834 humanam
1069 2769 1101 2834 ei
1125 2785 1263 2834 carnem
1286 2783 1442 2832 vescen‹

384 2875 462 2942 dam
486 2877 657 2957 apposuit.
688 2875 781 2942 unde
804 2889 1000 2942 commotus
1023 2875 1177 2959 Iuppiter
1199 2876 1341 2941 domum
1360 2877 1440 2940 eius

417 3189 474 3258 (17)
491 3189 608 3244 Metam.
625 3190 671 3243 lV.
688 3192 750 3245 236.

418 3289 475 3358 (18)
494 3291 590 3345 credat
608 3292 712 3359 aliquis
736 3292 902 3346 huiusmodi
928 3305 1040 3344 errores
1059 3300 1161 3359 suapte
1179 3300 1279 3345 natura
1296 3305 1437 3359 perquam

384 3389 464 3429 raros
494 3388 571 3429 esse.
611 3389 679 3430 ecce
708 3377 784 3430 aliud
815 3377 981 3444 exemplum
1012 3391 1047 3429 ex
1076 3377 1141 3443 ipso
1170 3374 1275 3429 Ovidio
1305 3376 1436 3442 petitum.

385 3458 493 3526 Phyllis
519 3460 595 3527 apud
622 3458 754 3514 Servium
781 3462 815 3516 ad
843 3461 1003 3529 Verg.,Ecl.
1022 3459 1055 3513 V.
1077 3459 1109 3512 10
1135 3470 1181 3514 est
1207 3458 1352 3526 „Sithonis
1379 3461 1437 3515 iilia

384 3543 482 3610 regina
493 3541 652 3598 Thracum“
663 3544 807 3612 hodieque
820 3546 848 3598 in
862 3545 1028 3598 enchiridiis
1042 3552 1069 3596 et
1079 3545 1179 3598 lexicis
1192 3544 1436 3612 mythographicis

385 3627 439 3679 hoc
469 3627 543 3680 inter
571 3629 644 3682 alios
674 3629 811 3696 gloriatur
840 3637 965 3696 parente.
1009 3643 1075 3682 cum
1105 3637 1201 3682 tamen
1228 3630 1291 3695 ipse
1318 3627 1436 3682 Servius

385 3708 521 3764 Ovidium
550 3709 660 3765 iontem
688 3727 774 3766 suum
802 3727 869 3766 esse
897 3711 1020 3766 fateatur
1047 3711 1118 3779 (,‚sic
1145 3709 1268 3764 Ovidius
1295 3711 1323 3764 in
1349 3711 1436 3766 Meta-

385 3795 582 3861 morphoseon
610 3792 717 3861 libris“)
749 3810 817 3850 num
847 3797 942 3850 vocari
969 3804 1065 3863 potest
1090 3796 1119 3850 in
1147 3796 1266 3849 dubium
1293 3796 1362 3862 quin
1389 3797 1436 3850 hic

384 3891 500 3946 quoque
530 3892 610 3933 error
638 3878 750 3933 fluxerit
776 3894 792 3933 e
819 3881 893 3934 male
922 3880 1068 3934 intellecto
1096 3878 1214 3945 Ovidio,
1243 3879 1318 3946 apud
1349 3893 1434 3946 quem

385 3961 494 4028 Phyllis
512 3960 641 4016 Sithonis
661 3963 677 4015 i.
696 3977 720 4016 e.
738 3961 881 4017 Thraessa
901 3964 978 4016 audit
996 3977 1140 4016 remam.
1159 3961 1237 4016 605?

419 4061 476 4130 (19)
495 4063 512 4114 l.
532 4063 643 4116 tutius?
