3000 5168
849 497 969 606 (tt)

385 676 557 742 nissarum
580 691 670 741 nova
693 673 862 762 quaedam
886 671 1026 740 exhibet
1049 671 1090 740 ab
1112 671 1278 756 Euripide
1300 674 1419 740 inventa

384 796 486 868 atque
520 780 775 867 posterioribus
802 780 1019 866 temporibus
1051 781 1095 849 ad
1128 779 1277 849 fabulam
1300 777 1421 848 conlor·

386 891 545 959 mandam
582 891 675 976 apud
709 903 830 975 poetas
868 903 902 959 et
939 889 1213 982 mythographos
1249 889 1420 974 plurimun

383 998 500 1068 valuit.
543 1001 643 1068 cuius
676 1001 880 1068 sententiam
915 1017 1045 1084 operae
1078 1001 1227 1084 pretium
1261 1011 1313 1067 est
1334 997 1422 1082 paulo

385 1108 582 1194 diligentius
605 1107 841 1181 considerare.

427 1233 506 1284 cum
528 1215 735 1286 scholiastes
758 1215 934 1301 Euripidis
958 1215 1062 1300 (174)
1090 1216 1213 1285 doceat
1235 1215 1425 1301 Spartorum

384 1343 512 1394 nomen
546 1324 588 1394 ab
621 1324 696 1393 aliis
732 1323 831 1393 aliter
864 1325 1040 1410 explicari,
1076 1325 1169 1410 apud
1201 1323 1426 1394 Stesichorum
1475 1322 1476 1380 l

384 1448 497 1502 autern
514 1433 709 1504 Minervam
726 1435 849 1504 dentes
865 1436 1012 1518 sevisse,
1032 1433 1137 1519 Spiro
1153 1434 1328 1503 concludit
1341 1433 1428 1500 Euri·
1475 1447 1477 1460 ⁴

385 1544 502 1628 pidem
525 1541 764 1612 Stesichorum
788 1541 1014 1611 subsecutum
1038 1562 1128 1626 esse,
1162 1545 1227 1610 nisi
1255 1543 1349 1628 quod
1370 1541 1428 1609 hoc
1478 1552 1479 1590 1

385 1671 492 1720 unum
529 1654 711 1735 innovarit,
744 1666 780 1719 ut
814 1669 902 1736 quae
925 1653 1018 1737 apud
1052 1651 1147 1719 illum
1171 1651 1340 1735 Minerva,
1370 1653 1428 1718 iam

385 1765 419 1828 in
443 1761 618 1846 tragoedia
641 1758 799 1830 Cadmus
821 1757 951 1830 laceret
972 1760 1154 1828 Minervae
1177 1761 1333 1828 consiliis
1354 1761 1431 1826 invi·
1481 1785 1482 1808 2

385 1885 483 1938 tatus.
528 1871 623 1956 quod
656 1888 874 1956 nequaquam
908 1871 1134 1938 consectariis
1168 1869 1366 1938 rationibus
1384 1887 1432 1936 se·
1482 1862 1483 1868 ’

385 1982 511 2064 quitur.
555 1997 625 2054 non
659 1981 763 2062 enlm,
796 1981 825 2046 si
858 1976 1080 2047 Stesichorus
1113 1975 1189 2056 τοὺς
1218 1975 1389 2066 Σπαρτοὺς
1416 1996 1432 2044 a

384 2085 494 2156 verbo
517 2088 782 2176 σπε1ρεινᾰιιχίῐ
805 2085 908 2171 (175)
939 2087 1034 2172 quod
1057 2084 1201 2156 forsitan
1224 2089 1432 2156 tritissimum

384 2195 499 2280 luerit,
532 2197 696 2282 idemque
718 2195 895 2282 Euripidis
928 2198 1044 2264 animo
1067 2195 1287 2282 obversatur,
1320 2215 1434 2266 neces·

384 2307 477 2374 sario
511 2303 658 2373 efficitur
679 2303 881 2390 Euripidem
915 2304 983 2372 hoc
1005 2303 1208 2374 Stesichoro
1236 2306 1367 2374 debere
1388 2318 1433 2372 to·

385 2428 523 2500 tamque
546 2412 694 2482 labulam
717 2413 760 2482 ab
783 2433 826 2483 eo
850 2427 1040 2482 mutuatum
1075 2433 1165 2484 esse.
1209 2434 1326 2501 neque
1357 2431 1433 2498 ergo

385 2537 439 2593 cst
460 2542 524 2592 cur
544 2521 746 2608 Euripidem
770 2526 957 2592 innovasse
973 2523 1128 2591 dicamus
1152 2543 1192 2592 ea
1215 2527 1248 2592 in
1272 2524 1398 2609 quibus
1419 2541 1436 2589 a

385 2631 586 2702 Stesichoro
609 2632 768 2701 dissentit
784 2631 899 2716 (176).
928 2646 961 2700 at
982 2633 1083 2700 tradit
1105 2631 1312 2701 scholiastes
1335 2631 1437 2716 Apol·

386 2744 457 2812 loni
480 2742 595 2812 Rhodi
618 2741 859 2827 Pherecydem
894 2757 927 2810 et
950 2742 1171 2812 Hellanicum
1205 2743 1339 2812 dixisse
1372 2759 1436 2809 non

384 2852 577 2936 Minervae,
610 2867 645 2919 ut
668 2866 721 2920 est
743 2852 836 2937 apud
858 2851 1072 2937 Euripidem,
1105 2852 1169 2920 sed
1191 2851 1316 2921 Martis
1344 2855 1436 2919 iussu

385 2959 560 3031 Cadmum
595 2961 717 3029 dentes
751 2963 897 3030 sevisse.
946 2980 1014 3047 qua
1048 2959 1183 3029 iabulae
1213 2959 1322 3046 figura
1346 2961 1439 3028 Euri·

386 3071 487 3156 pides
511 3073 545 3138 in
569 3069 725 3139 Hercule
749 3090 834 3139 usus
858 3084 920 3138 est.
964 3071 1057 3138 unde
1073 3068 1177 3155 Spiro
1200 3070 1331 3155 colligit
1346 3071 1440 3138 Euri·

1204 3259 1438 3268 *Μωρ-

420 3372 496 3442 (174)
515 3374 550 3428 ad
568 3373 757 3428 Phoen.d'10.

420 3463 494 3603 (dlis)
512 3466 568 3520 hoc
590 3465 707 3534 quidem
730 3480 747 3520 e
768 3466 872 3522 scholii
899 3467 995 3520 verbis
1023 3465 1095 3519 ellici
1122 3480 1210 3532 posse
1240 3464 1358 3533 Spironi
1389 3478 1443 3519 con

388 3563 422 3604 ce
442 3563 470 3603 o.

418 3639 493 3708 (176)
512 3640 637 3697 lortasse
655 3648 733 3696 recte
752 3640 877 3697 Crusius
898 3642 916 3696 l.
934 3643 952 3696 l.
973 3657 999 3710 p.
1017 3643 1086 3696 828:
1113 3656 1168 3696 nur
1186 3642 1232 3696 ein
1250 3641 1445 3696 verdichteter

384 3725 537 3780 nusdruel
560 3726 611 3780 der
637 3725 739 3781 selben
759 3724 1004 3794 Ueberlielerung
1029 3726 1068 3780 ist
1094 3740 1136 3793 es,
1162 3739 1247 3780 wenn
1274 3727 1351 3781 noch
1379 3725 1444 3779 dem

384 3808 478 3882 Schol
497 3823 533 3864 zu
552 3808 661 3864 Phoen.
672 3808 729 3864 oto
746 3807 930 3865 Stesichoros
947 3811 977 3863 tr
988 3804 1132 3882 κῦρωπείᾳ
1148 3809 1196 3876 τὴν
1209 3806 1333 3876 Ἀθηνᾶν
1351 3810 1447 3878 ionop-

383 3893 461 3948 at'm
476 3892 537 3954 rode
554 3891 663 3955 ὀδόντας
685 3895 775 3965 φησίν.
800 3891 838 3948 cl.
856 3893 921 3948 Eur.
938 3891 1024 3948 Herc.
1041 3893 1152 3963 2528q.
1179 3886 1270 3964 ὦγῆς
1287 3887 1448 3966 λοχεύμαθ),

382 3975 429 4038 οὓς
441 3975 519 4050 Ἄρης
535 3979 637 4050 σπείρει
654 3994 715 4030 uota
732 3978 836 4049 λαβρὸν
853 3975 1001 4050 δράκοντος
1018 3975 1184 4050 ἐξερημώσας
1202 3977 1291 4044 ya'rar.
1319 3991 1347 4031 v.
1360 3975 1445 4030 wlla-

386 4061 509 4116 movltzl
533 4069 690 4118 comment
1378 4101 1382 4106 -
