3000 5168
496 505 614 612 (35)

20 677 213 744 audiamus
228 678 330 760 igitur
352 679 557 761 scriptorem
581 680 730 745 ineuntis
754 678 881 745 saeculi
905 679 1015 762 quarti
1039 677 1082 744 de

19 783 204 867 Lycaonis
227 783 354 854 fabula:

69 892 268 978 (Cecrops)
290 891 404 960 ὁπόσα
422 896 486 978 ἔχει
502 893 612 988 ψυχὴν
632 891 756 962 τούτων
769 897 829 978 μὲν
843 892 977 978 ἢξλασευ
991 893 1085 962 οὐδὲν

20 1000 148 1082 θῦσαι,
173 1008 331 1088 πέμματα
356 1005 391 1070 δὲ
417 1001 577 1092 ἐπιχώρια
601 1006 657 1070 ἐπὶ
683 1004 740 1070 τοῦ
761 1007 870 1088 βωμοῦ
896 1003 1084 1090 καθήγισεν,

18 1111 43 1175 ἃ
65 1109 231 1189 πελάνους
252 1112 407 1181 καλοῦσιν
427 1114 475 1179 ἔτι
495 1117 549 1178 καὶ
571 1115 604 1190 ἐς
624 1109 707 1198 ἣμοῖς
723 1109 922 1197 Ἀθηναῖοι·
944 1110 1086 1181 Λυκάων

17 1222 56 1286 δὲ
81 1222 142 1286 ἐπὶ
163 1219 224 1287 τόν
245 1220 359 1313 βωμόν
380 1219 438 1288 τοῦ
460 1227 610 1288 Λυκαίου
630 1220 713 1299 Διός
732 1226 849 1309 βρέφος
874 1220 1004 1307 ἤνεγκεν
1024 1219 1086 1287 ἆυ-

18 1328 170 1417 θροίπου
190 1333 245 1396 καὶ
266 1331 368 1396 ἔθυσε
385 1328 423 1396 τό
441 1335 556 1419 βρέφος
577 1333 633 1396 καὶ
647 1330 798 1396 ἔσπεισεν
819 1331 875 1396 int
897 1333 955 1396 τοῦ
977 1334 1085 1415 βωμοῦ

18 1437 63 1504 τό
87 1439 179 1523 ᾱῖμα.
211 1441 266 1504 καὶ
286 1436 395 1506 αὐτόν
416 1437 532 1505 αὐτίκα
553 1440 610 1504 ἐπὶ
629 1437 666 1530 τῇ
689 1443 793 1520 θυσίᾳ
811 1443 969 1520 γενέσθαι
990 1436 1087 1505 λύκου

20 1551 133 1635 φασὶν
154 1546 231 1614 ἀντὶ
253 1545 449 1634 ἀνθρώπου.

69 1676 176 1741 quant
199 1671 314 1726 autem
337 1657 525 1726 Pausanias
556 1656 691 1725 fabulae
724 1656 901 1740 subiungit
933 1657 1086 1741 disputa-

23 1769 161 1834 tionem
177 1771 210 1833 2.
227 1773 247 1832 4
261 1786 312 1850 sq.
334 1770 388 1832 atati
403 1768 460 1850 ἐμέ
472 1764 540 1848 γεὸ
559 1765 656 1848 λόγος
675 1762 768 1842 οὗτος
782 1769 897 1831 πείθοι
911 1803 943 1811 -
958 1803 990 1811 -
1005 1803 1038 1811 -
1053 1803 1085 1852 7

24 1871 225 1952 ἀπόκειται,
259 1877 335 1960 ipse
362 1889 581 1944 commentus
610 1888 672 1943 est.
715 1875 779 1942 sed
809 1893 932 1941 rursus
960 1877 994 1941 in
1021 1874 1040 1958 ς
1063 1879 1085 1940 6

25 1987 121 2051 inest
154 1984 319 2068 particula
353 1984 472 2067 iontis,
505 1987 560 2052 cui
583 1983 771 2051 Pausanias
804 1981 908 2051 iidem
942 1984 1085 2051 demere
1189 2001 1194 2008 ·

25 2107 177 2160 conatur
192 2110 366 2178 quamque
382 2093 457 2160 aliis
474 2092 597 2160 fabulis
614 2112 724 2177 aeque
741 2092 907 2175 ridiculis,
930 2106 966 2159 ut
982 2105 1085 2177 putat,

26 2219 227 2285 exaequare
251 2202 380 2270 studet:

70 2311 201 2390 λέγουσι
215 2307 277 2397 γὰρ
297 2308 335 2395 δὴ
358 2309 404 2387 ὥς
417 2307 589 2386 Λυκάονος
609 2308 741 2398 ὕστερον
762 2308 813 2374 o’tsi
827 2335 876 2386 τις
896 2310 932 2389 ἐξ
952 2306 1086 2396 ἀνθρώ-

26 2443 97 2484 που
124 2414 221 2495 λόκος
245 2424 369 2499 γένοιτο
395 2420 452 2485 int
478 2417 517 2512 τῇ
538 2424 644 2502 θυσίᾳ
664 2421 722 2486 τοῦ
744 2425 893 2484 Λυκαίου
913 2414 1010 2494 Διός,
1036 2421 1086 2498 γέ-

28 2551 122 2594 νοιτο
144 2527 180 2592 ii
200 2525 257 2594 οὒκ
278 2529 311 2605 ἐς
331 2526 468 2595 ἅπαντα
488 2526 549 2594 τόν
570 2533 655 2611 βίον·
676 2525 785 2600 ,ὁπότε
805 2528 841 2594 δὲ
862 2531 911 2612 εἴη
931 2525 1036 2603 λύκος,
1058 2530 1087 2590 si

26 2638 92 2715 μὲν
117 2634 221 2723 κροοῖν
247 2633 430 2719 ἀπόσχοιτο
455 2635 691 2726 ἀνθρωπίνων,
721 2635 854 2721 ὕστερον
878 2637 941 2702 ἔτει
966 2633 1087 2722 δεκάτῳ

28 2747 135 2832 <sauir
164 2743 269 2811 αὐτόν
297 2743 399 2824 αὖθις
423 2745 606 2835 ἄνθρωπον
630 2748 664 2812 ἐκ
688 2742 786 2814 λόκου
814 2749 986 2827 γενέσθαι,
1017 2767 1087 2826 γευ-

28 2851 176 2937 σάμενον
196 2855 232 2919 dt
252 2855 285 2931 λς
305 2852 356 2920 ἀεὶ
377 2859 487 2938 μόνον
508 2860 634 2944 θηρίου.

75 2963 160 3030 haec
189 2966 282 3032 eninr
310 2967 428 3049 utique
455 2983 533 3032 curn
560 2965 803 3050 superioribus
830 2983 918 3050 quae
940 2976 1021 3030 sunt
1043 2963 1087 3028 de

30 3072 198 3154 Lycaone
221 3071 410 3141 cohaerent
432 3071 523 3157 (78).

77 3179 163 3248 haec
179 3194 232 3247 est
247 3179 382 3249 iabulae
395 3180 513 3266 figura,
529 3200 631 3266 quarn
642 3180 931 3250 Weissaeclterus
946 3181 1087 3249 alterius

32 3302 213 3373 parentent
237 3309 317 3358 esse
340 3288 496 3358 aiiirntat.
538 3290 618 3358 iicet
639 3309 726 3358 vero
750 3290 828 3359 fons
851 3293 1012 3374 antiquus
1034 3292 1087 3372 sit,

33 3412 150 3467 tamen
184 3412 295 3466 ratum
330 3399 461 3467 habere
496 3417 633 3483 nequeo
663 3401 758 3484 quod
781 3420 799 3467 a
821 3397 1088 3468 Weissaeckero

33 3505 183 3574 fidenter
209 3526 293 3576 sane
320 3508 508 3576 iudicatum
534 3509 650 3590 video,
678 3511 809 3594 quippe
840 3511 939 3576 cuius
968 3509 1087 3592 opinio

35 3635 151 3700 neque
176 3619 388 3700 argumentis
412 3620 541 3684 munita
563 3619 736 3708 sitneque
760 3635 877 3702 perse
896 3615 1088 3702 ¹probabilis

38 3743 119 3792 esse
141 3725 310 3793 videatur.
347 3739 390 3809 at,
412 3740 449 3792 ut
471 3728 622 3793 rationes
646 3744 744 3794 meae
767 3729 1032 3811 perspiciantur,
1054 3728 1088 3791 in

37 3831 105 3901 iine
128 3834 233 3901 huius
256 3836 378 3918 capitis
401 3853 610 3919 quaeramus
633 3835 677 3902 de
700 3836 834 3918 origine
856 3833 1001 3902 fabulae.

71 4065 128 4132 (78)
148 4067 270 4120 diiunxit
287 4065 520 4122 immerwahrius
539 4068 556 4120 i.
575 4069 593 4121 i.
611 4082 638 4134 p.
659 4067 692 4120 1⁰
705 4081 748 4136 sq.
849 4060 854 4070 '
