3000 5168
852 465 950 576 (8)

378 641 564 706 narrationi
587 657 671 710 suae
694 642 822 709 lumina
846 655 878 707 et
901 640 1054 708 colorem
1072 653 1226 706 sumeret
1242 640 1443 706 commode

378 751 651 832 supersedisse?
695 751 826 820 scilicet
850 766 883 818 et
906 753 1073 818 montium
1096 749 1264 817 Arcadiae
1288 751 1443 817 nomina

378 862 556 927 notissima
589 863 714 927 mirum
737 879 838 945 quam
862 859 1088 945 praepostere
1111 859 1283 942 disposuit
1307 857 1363 942 (3)
1406 874 1443 926 et

378 956 549 1052 Lycaonis
583 973 637 1037 avi
660 970 805 1038 Arcadis
839 973 1013 1036 interitum
1049 983 1248 1036 narraturus
1282 968 1441 1035 Arcadis

378 1078 482 1146 sedes
516 1079 602 1146 dixit
637 1097 702 1163 pro
736 1079 883 1146 Arcadia
908 1077 973 1162 (4).
1031 1097 1119 1163 quae
1153 1097 1231 1144 cum
1269 1081 1311 1145 ita
1350 1081 1440 1157 sint,

379 1184 547 1255 Ovidium
582 1191 811 1256 asseverarim
835 1223 872 1234 ·-
898 1191 963 1255 nisi
998 1187 1085 1256 iorte
1118 1187 1204 1254 solis
1237 1189 1440 1254 memoriae

379 1296 504 1380 opibus
542 1311 723 1364 contentus
761 1296 822 1364 luit
856 1333 895 1340 -
928 1301 962 1364 in
1000 1295 1112 1364 iabula
1149 1295 1320 1379 Lycaonis
1360 1315 1439 1362 non

380 1419 519 1490 poetam
542 1406 605 1473 sed
631 1406 921 1490 mythographum
944 1419 1102 1473 secutum
1125 1425 1215 1473 esse.

421 1533 513 1582 nunc
545 1533 631 1582 vero
666 1515 748 1581 mihi
783 1535 860 1582 cum
895 1515 1047 1582 Maassio
1083 1534 1142 1582 res
1183 1517 1257 1596 erit,
1294 1516 1354 1598 qui
1393 1515 1440 1580 de

379 1623 483 1706 ionte,
517 1641 586 1708 quo
610 1621 763 1691 Ovidius
787 1627 821 1691 in
845 1623 957 1691 fabula
981 1622 1146 1692 Callistus
1170 1642 1255 1690 usus
1279 1625 1333 1705 sit,
1365 1625 1440 1706 egit

379 1736 413 1799 in
437 1736 727 1801 commentatione
754 1733 1038 1817 mythographica
1061 1733 1165 1800 altera
1190 1730 1255 1815 (5).
1299 1733 1441 1800 seilicet

379 1845 484 1926 ignoti
522 1856 645 1926 poetae
681 1843 877 1910 versiculos
915 1857 1075 1927 quattuor
1111 1844 1263 1909 continet
1299 1841 1439 1926 Hygini

381 1935 493 2018 labula
521 1955 585 2018 177
623 1951 681 2018 ubi
705 1952 861 2036 legimus:

423 2059 588 2140 „Callisto
611 2060 784 2146 Lycaonis
816 2060 883 2128 lilia
916 2080 996 2129 ursa
1027 2062 1152 2128 dicitur
1174 2059 1259 2127 lacta
1283 2079 1364 2127 esse
1390 2060 1438 2126 ob

379 2175 465 2238 iram
502 2169 657 2253 Iunonis,
693 2171 787 2255 quod
825 2190 903 2238 cum
941 2170 1022 2238 Iove
1060 2170 1254 2237 concubuit.
1310 2183 1439 2253 postea

379 2278 471 2346 lovis
494 2283 528 2346 in
552 2280 728 2347 stellarum
752 2299 935 2348 numerum
959 2279 1101 2362 rettulit3
1128 2297 1216 2363 quae
1239 2281 1438 2362 septentrio

380 2388 581 2473 appellatur,
615 2391 710 2474 quod
743 2393 879 2474 signum
907 2389 985 2457 loco
1020 2408 1089 2456 non
1124 2401 1285 2455 movetur
1317 2407 1440 2472 neque

380 2499 515 2566 occidit.
558 2497 689 2582 Tethys
725 2502 816 2566 enim
847 2496 982 2566 Oceani
1017 2516 1108 2565 uxor
1141 2487 1256 2564 nutrix
1289 2495 1441 2565 lunonis

379 2608 540 2692 prohibet
562 2628 637 2676 eam
661 2612 694 2675 in
719 2605 901 2677 Oceanum
926 2608 1098 2676 occidere.
1131 2606 1217 2674 haec
1240 2624 1323 2691 ergo
1348 2605 1442 2692 Sep·

379 2721 504 2786 tentrio
528 2720 646 2786 maior.
691 2719 735 2785 de
758 2737 824 2802 qua
847 2721 880 2786 in
906 2716 1055 2787 Creticis
1077 2717 1254 2786 versibus:

463 2911 552 2970 tuque
571 2902 730 2970 Lycaoniae
749 2911 857 2957 mutate
876 2918 892 2956 e
910 2905 1023 2956 semine
1042 2901 1081 2970 (6)
1101 2903 1253 2969 nymphae,

463 2999 549 3053 quam
567 2986 662 3052 gelido
680 2995 788 3054 raptam
808 2987 844 3042 de
861 2987 968 3041 vertice
987 2986 1152 3041 Nonacrina

464 3067 581 3124 Oceano
601 3071 733 3138 prohibet
751 3086 868 3138 semper
886 3085 918 3124 se
937 3073 1068 3138 tinguere
1086 3069 1204 3136 Tethys,

463 3169 533 3207 ausa
551 3170 619 3208 suae
637 3155 703 3223 quia
721 3157 758 3209 sit
776 3155 921 3222 quondam
941 3157 1131 3210 succumbere
1150 3155 1284 3207 alumnae
1303 3153 1349 3219 (7).

414 3370 453 3438 (3)
472 3371 490 3424 l.
508 3372 564 3425 216
581 3370 712 3426 Maenala
729 3373 900 3427 transieram
919 3373 1036 3427 latebris
1054 3371 1197 3427 horrenda
1217 3371 1343 3424 ferarum

581 3464 609 3509 et
627 3471 693 3510 curn
713 3455 836 3523 Cyllene
854 3456 940 3524 gelidi
959 3456 1055 3523 pineta
1073 3457 1181 3524 Lycaei.

414 3537 450 3606 (4)
469 3538 489 3592 1.
505 3539 568 3594 218.

414 3621 451 3689 (5)
470 3625 527 3678 ind.
546 3625 611 3678 lect.
630 3623 794 3692 Gryphisw.
816 3624 892 3678 1894.

414 3706 453 3774 (6)
472 3715 597 3762 mutatae
615 3708 729 3762 semine
746 3723 819 3776 quae
838 3717 883 3762 est
896 3708 979 3763 lectio
998 3708 1106 3762 codicis
1126 3707 1207 3761 nihili
1227 3719 1295 3760 esse
1307 3705 1436 3760 Maassio

380 3792 518 3846 concedo.
558 3793 611 3846 sed
641 3793 734 3847 lenior
761 3791 875 3847 videtur
903 3793 1043 3847 correctio
1073 3791 1184 3846 Nicolai
1214 3789 1317 3843 Heinsi
1348 3805 1434 3857 quam

381 3877 476 3945 recepi
503 3877 538 3930 iis
565 3890 639 3944 quae
664 3876 713 3930 ille
740 3876 869 3942 protulit:
898 3877 1016 3930 sublate·
1037 3876 1084 3930 vel
1111 3881 1250 3944 prognate
1272 3889 1288 3928 e
1313 3875 1434 3928 semine.

380 3975 406 4013 v.
427 3959 458 4012 R.
477 3960 574 4026 Franz,
593 3959 629 4014 de
648 3958 787 4016 Callistus
806 3960 908 4014 labala.
938 3961 1031 4027 Leipz.
1051 3959 1131 4013 Stud.
1153 3958 1222 4012 1890
1246 3972 1271 4024 p.
1289 3957 1354 4011 m

414 4043 452 4111 (7)
473 4045 604 4098 ultimum
618 4058 736 4098 versum
747 4044 950 4112 supplemento
964 4057 1049 4112 egere
1062 4051 1140 4096 ratus
1150 4041 1295 4096 hiaassius
1308 4042 1434 4111 scripsit:
