3000 5168
541 487 660 600 (all

43 664 182 732 dubio
217 665 284 747 ipsi
320 663 521 752 debeantur.
576 666 643 756 nisi
680 663 769 734 forte
802 666 987 751 aliquando
1025 669 1126 738 etiam

43 775 169 858 apud
192 770 353 844 Graecos
377 771 530 845 Ovidius
554 776 632 857 quis
655 777 773 842 extitit.

105 899 342 968 conferantur
364 903 522 985 inprimis
546 901 579 966 hi
603 920 743 968 versus:

46 1119 189 1176 Metam.
201 1118 282 1172 l.497
301 1126 411 1185 spectat
428 1119 577 1172 inornatos
596 1119 671 1172 collo
690 1119 816 1188 pendere
837 1120 966 1186 capillos,

302 1214 341 1256 et:
360 1203 427 1270 quid
446 1203 470 1254 si
490 1202 662 1256 comantur?
681 1203 725 1256 ait.
752 1202 829 1256 videt
848 1204 913 1270 igne
932 1205 1072 1258 micantes

300 1287 444 1340 sideribus
462 1287 575 1340 similes
594 1287 708 1351 oculos;
726 1286 804 1339 videt
821 1287 921 1341 oscula
939 1302 1013 1355 quae
1032 1303 1089 1342 non

301 1379 345 1424 est
363 1369 473 1424 vidisse
491 1370 575 1436 satis;
593 1371 689 1424 laudat
706 1370 870 1438 digitosque
888 1385 1050 1440 manusque

301 1455 490 1522 bracchiaque
509 1463 536 1508 et
549 1455 644 1508 nudos
663 1453 758 1508 media
776 1456 841 1522 plus
861 1465 940 1522 parte
958 1456 1094 1523 lacertos;

299 1541 324 1591 si
342 1553 398 1606 qua
416 1538 514 1604 latent,
532 1539 651 1592 meliora
670 1548 757 1606 putat.

227 1704 281 1758 525
298 1707 381 1773 plura
398 1706 561 1760 locuturum
580 1705 681 1759 timido
699 1704 804 1760 Peneia
822 1720 909 1760 cursu

299 1789 369 1856 fugit
387 1803 513 1858 cumque
531 1789 595 1857 ipso
613 1793 701 1843 verba
719 1790 886 1857 imperfecta
904 1791 1026 1860 reliquit.

299 1883 360 1927 tum
379 1888 495 1942 quoque
513 1874 575 1927 visa
591 1873 707 1928 decens.
726 1873 873 1928 nudabant
885 1889 1003 1942 corpore
1015 1875 1093 1928 venti

299 1959 440 2026 obviaque
459 1958 595 2012 adversas
614 1958 762 2012 vibrabant
780 1957 894 2012 flamina
911 1968 1009 2012 vestes

298 2049 326 2094 et
344 2042 416 2095 levis
435 2043 578 2109 impulsos
596 2050 672 2096 retro
690 2041 775 2096 dabat
791 2056 860 2095 aura
878 2043 998 2110 capillos

298 2133 437 2193 auctaque
458 2125 551 2180 iorma
570 2125 637 2194 iuga
655 2135 700 2180 est
718 2124 783 2191 (82).

107 2338 294 2409 praeterea
328 2339 407 2392 nota
441 2327 475 2392 in
509 2325 670 2393 versibus
704 2328 864 2410 proxime
898 2327 1124 2410 sequentibus

54 2435 368 2517 comparationem
392 2432 565 2517 Apollinis
593 2452 671 2502 cum
696 2431 834 2502 Gallico
859 2452 943 2503 cane
966 2449 1000 2503 et
1022 2436 1125 2520 paulo

55 2541 160 2609 infra
184 2540 262 2625 (83)
286 2541 403 2610 iocum
427 2543 522 2610 illum
546 2543 604 2610 ubi
628 2544 671 2611 de
692 2542 869 2628 triumpho
885 2543 1043 2612 Romano
1067 2546 1126 2613 de·

56 2671 141 2736 que
164 2650 315 2720 Palatina
338 2652 436 2721 lauro
459 2656 579 2737 agitur.

113 2760 306 2828 rationibus
322 2761 503 2830 subductis
527 2761 719 2846 colligimus
736 2764 936 2846 neutiquam
961 2781 1040 2831 esse
1064 2781 1126 2830 cur

59 2868 243 2937 Ovidium
267 2867 445 2938 Graecum
480 2888 605 2956 poema
626 2870 812 2939 vernacula
845 2871 958 2955 lingua
981 2889 1126 2956 expres-

60 2981 163 3046 sisse
186 2978 403 3047 arbitremur.

63 3134 272 3143 -.—-———.—.
289 3135 464 3140 -............-.-
469 3135 621 3140 ...-..—..
862 3135 1111 3142 --——-——...—-.-
1118 3137 1122 3140 .

106 3215 165 3278 t82)
185 3227 250 3267 cum
269 3229 312 3266 vs.
329 3213 384 3266 527
404 3214 431 3266 hi
450 3227 554 3271 versus
573 3216 707 3280 componi
727 3225 862 3282 possunt:

123 3298 186 3352 Am.
205 3296 247 3350 111.
263 3298 290 3349 7.
306 3298 344 3351 82
378 3298 406 3348 ei
424 3294 526 3350 decuit
543 3297 642 3350 retedos·
657 3296 851 3365 proripuisse
866 3299 966 3366 pelles.

65 3383 188 3437 Metam.
207 3379 251 3434 lV.
268 3381 324 3434 230
377 3378 442 3448 ipse
461 3378 554 3433 limon-
570 3379 671 3434 decuit

269 3465 325 3518 330
375 3464 428 3517 sed
446 3465 475 3516 ei
492 3462 648 3519 erubuisse
665 3465 786 3520 decebat

195 3546 251 3601 Vll.
269 3549 324 3603 733
375 3547 462 3601 dolor
478 3545 544 3616 ipse
562 3549 683 3602 decebat

223 3633 253 3686 Χ.
271 3632 324 3686 590
374 3647 484 3686 cursus
500 3630 579 3699 socii
597 3630 662 3700 ipse
679 3633 814 3687 decerem

129 3717 201 3771 Fast.
220 3716 254 3770 V.
270 3716 325 3771 608
377 3715 469 3770 timor
486 3714 551 3784 ipse
568 3714 639 3770 novi
656 3732 749 3770 causa
766 3715 884 3771 decemb
901 3721 975 3771 erat.

105 3809 158 3862 sed
178 3809 343 3862 huiusmodi
360 3809 623 3876 comparationibus
640 3823 731 3876 poene
749 3809 820 3863 nihil
834 3809 963 3878 eflicitur,
980 3811 1124 3880 siquidem

68 3907 149 3947 unus
172 3906 189 3945 e
211 3907 271 3945 vvs.
290 3892 410 3946 laudatis
433 3893 537 3960 legitur
558 3892 629 3947 Fast.
650 3892 683 3946 V.
699 3891 769 3956 608,
795 3894 843 3947 ubi
866 3891 988 3948 Ovidius
1011 3893 1124 3949 Moschi

68 3989 176 4032 versus
195 3976 330 4030 imitatur.

105 4068 165 4135 (83)
183 4067 301 4121 Metam.
320 4064 338 4121 1.
355 4067 419 4121 550.

894 4169 926 4221 3*
