3000 5168
850 498 972 606 (⁵⁸)

432 673 517 740 haec
551 672 718 739 habebam
747 691 841 756 oute
870 671 918 738 de
947 670 1173 738 Phaethontis
1208 668 1320 736 iebula
1353 670 1435 752 apud

389 779 560 848 Ovidium
594 781 759 848 dicerem.
814 783 880 847 iam
914 779 1154 865 quaerendum
1189 793 1242 846 est
1274 797 1434 864 quaenam

389 889 534 972 lubulae,
557 889 694 974 qualem
717 887 851 957 Ouidio
874 887 1059 957 exhibebat
1082 887 1369 972 mythogruphus‚
1394 891 1435 954 in·

389 999 489 1066 doles
511 1001 555 1066 sit
577 1011 678 1083 atque
701 1001 810 1083 origo.
847 1001 961 1083 haque
983 997 1267 1082 quandoquidem
1287 999 1367 1081 ipsa
1387 1016 1435 1064 res

390 1111 433 1175 ita
456 1106 532 1191 lert,
554 1107 766 1192 subiungere
786 1107 868 1174 libet
889 1126 978 1192 quae
1001 1106 1085 1174 mihi
1109 1109 1143 1174 in
1165 1119 1316 1174 mentem
1339 1125 1436 1173 vene·

390 1230 482 1299 runt,
505 1233 583 1283 cum
606 1215 757 1299 legerem
781 1215 858 1282 libri
883 1215 1035 1282 Knsaclti
1058 1229 1162 1299 caput
1184 1217 1352 1299 primum,
1375 1233 1435 1298 quo

389 1327 455 1409 agit
477 1325 521 1392 de
544 1323 758 1392 Phaethonte
782 1323 974 1392 Hesiodeo.

431 1451 507 1500 mea
529 1434 671 1517 quidem
697 1435 863 1518 opinione
887 1431 1039 1502 Carolus
1063 1432 1194 1500 Robert
1217 1431 1321 1516 (iis)
1351 1448 1436 1501 recte

388 1543 473 1610 vidit
498 1541 708 1609 scholiasten
733 1541 970 1610 Strozzianum
1001 1545 1034 1609 in
1062 1539 1314 1611 Germanicum
1346 1542 1436 1611 labu-

388 1652 453 1718 lam
478 1649 701 1718 Phaethontis
724 1650 883 1718 hausisse
906 1671 951 1718 ex
973 1650 1103 1736 Hygini
1126 1650 1320 1719 fabularum
1345 1651 1437 1718 libro.

389 1757 584 1826 Knaackius
599 1777 685 1826 vero
698 1759 840 1827 Roberti
857 1763 1025 1828 sententia
1038 1762 1165 1827 relecta
1181 1774 1301 1828 censet
1314 1775 1437 1828 utrum·

388 1888 456 1952 que
483 1870 691 1953 scriptorem
719 1888 738 1936 e
766 1868 1162 1938 Pseudo-Eratosthene
1195 1872 1216 1936 i.
1243 1889 1273 1937 e.
1300 1869 1437 1938 scholiis

389 1975 524 2044 Arateis
542 1975 696 2045 fabulum
712 1978 880 2046 hausisse.
914 1992 1043 2063 operae
1067 1981 1216 2063 pretium
1231 1994 1286 2047 est
1302 1979 1437 2048 Roberti

389 2089 592 2154 sententiam
609 2104 702 2154 novo
718 2101 920 2171 argumento
940 2086 1088 2155 lirmare.
1121 2107 1236 2173 neque
1252 2089 1287 2156 id
1304 2087 1437 2156 difficile

389 2209 456 2262 est:
480 2194 603 2278 legitur
625 2196 717 2278 apud
741 2195 920 2280 Hyginum
945 2195 1067 2279 (120):

432 2321 593 2383 „sorores
621 2319 734 2372 autem
758 2305 981 2374 Phaethontis
1009 2307 1093 2374 dum
1116 2309 1290 2374 interitum
1315 2307 1439 2376 delient

388 2411 501 2479 fratris
524 2416 558 2480 in
581 2413 725 2481 arbores
748 2429 828 2482 sunt
851 2415 1001 2499 populos
1024 2433 1159 2483 versae.
1197 2416 1320 2483 harum
1344 2417 1438 2484 lucri·

388 2541 475 2604 mae,
505 2535 541 2588 ut
564 2521 745 2590 Hesiodus
768 2524 904 2606 indicat,
935 2525 969 2590 iu
993 2523 1159 2591 electrum
1183 2538 1263 2592 sunt
1285 2527 1437 2606 duratae3

389 2630 558 2698 Heliades
596 2645 709 2698 tamen
748 2635 978 2699 nominantur.
1026 2647 1107 2699 sunt
1144 2649 1258 2729 autem
1292 2634 1437 2718 Merope
1490 2671 1491 2728 l

389 2738 493 2806 Helie
517 2739 624 2823 Aegle
649 2739 826 2824 Lampetie
859 2740 1001 2808 Phoebe
1035 2741 1199 2810 Aetherie
1233 2742 1436 2828 Dioxippe.“
1490 2769 1491 2778 2

385 3047 464 3100 velut
481 3048 596 3101 Metam.
615 3047 634 3100 l.
657 3049 707 3102 168
720 3063 762 3116 sq.
781 3049 921 3103 utiturad
942 3049 1142 3105 illustrandam
1161 3051 1247 3106 Ovidi
1266 3056 1437 3107 sententiam
1490 3075 1491 3136 j

386 3132 422 3267 εξ
441 3133 621 3283 Ιῗξῐιεὲᾳοῖδε
640 3132 734 3201 deque
761 3133 817 3186 situ
845 3134 929 3200 palati
950 3134 1026 3187 lovis
1054 3135 1091 3202 (p.
1113 3133 1165 3201 14).
1201 3137 1319 3190 damnat
1345 3146 1437 3191 autem

537 3334 601 3384 tum
614 3332 753 3401 primum
770 3333 871 3388 radiis
888 3333 983 3403 gelidi
1002 3336 1118 3389 calueto
1138 3335 1253 3390 triones

536 3418 565 3468 et
583 3415 675 3470 vetito
691 3415 815 3484 fmtslra
834 3420 1023 3486 temptarunt
1040 3435 1168 3488 aequore
1187 3419 1296 3488 tingui,

386 3550 538 3608 propterea
565 3542 642 3610 quod
660 3542 783 3598 Ovidius
802 3544 920 3599 demum
939 3544 968 3596 11.
987 3545 1042 3599 ⁵05
1054 3561 1117 3615 sqq.
1136 3557 1260 3614 exponat
1286 3549 1342 3602 hoc
1359 3549 1440 3602 sidus

386 3627 468 3678 caelo
486 3627 654 3692 impositum
683 3635 711 3680 et
728 3629 811 3696 aquis
833 3629 1007 3696 prohibitum
1032 3644 1099 3684 esse
1131 3631 1168 3698 (p.
1190 3631 1242 3698 16).
1277 3647 1353 3700 quae
1370 3633 1440 3684 ratio

385 3711 409 3762 si
429 3712 609 3776 probaretur,
626 3711 711 3764 etiam
726 3710 970 3779 Anguitenentem
991 3728 1077 3766 suum
1097 3728 1164 3768 eum
1183 3715 1341 3770 damnasse
1356 3729 1441 3782 opor·

382 3793 451 3931 ἑιὲίὲ,
480 3793 712 3862 quandoquidem
742 3793 936 3863 Aesculapius
967 3799 1095 3852 nascitur
1124 3798 1242 3852 demum
1271 3797 1388 3853 Metam.
1411 3798 1439 3850 11.

452 3891 516 3946 sqq,

417 3977 493 4044 (119)
511 3977 652 4032 Eratosth.
671 3987 768 4034 catast.
787 3981 849 4034 rell.
867 3995 893 4048 p.
911 3980 973 4034 210.

417 4069 570 4137 (teulfus.
594 4071 652 4124 154.
