3000 5168
856 515 975 627 (til

383 706 497 778 potest
524 692 659 761 iibrone
686 711 728 761 an
756 695 924 762 memoria
953 690 1062 762 iretus
1085 693 1214 762 scribet
1236 704 1348 780 poeta.
1393 709 1439 761 at·
1493 685 1494 690 ’

384 816 496 871 tamen
520 802 611 870 baud
634 800 696 870 abs
720 819 758 870 re
781 799 885 870 luerit
906 800 1034 886 quibus
1057 802 1144 870 locis
1173 805 1437 887 excerptionum
1493 797 1494 802 ’

384 931 470 996 quas
493 912 572 979 dico
594 909 773 980 manifesta
801 911 943 995 vestigia
966 911 1089 980 videre
1113 910 1196 978 mini
1218 899 1355 995 videor,
1379 929 1439 980 eos
1493 923 1494 950 ³

385 1023 528 1089 cunctos
544 1019 609 1088 sub
626 1038 733 1089 unum
751 1029 978 1104 conspectum
995 1036 1139 1104 ponere.
1166 1021 1300 1088 initium
1317 1019 1437 1089 faciam

383 1149 401 1196 a
424 1130 503 1197 loco
526 1142 643 1196 notatu
672 1131 790 1214 utique
819 1129 924 1212 digno
951 1130 985 1197 in
1008 1127 1228 1213 Minyeldum
1251 1125 1366 1196 fabula
1389 1131 1439 1196 in·
1493 1133 1494 1140 ’

384 1238 498 1321 cluso,
531 1255 601 1322 quo
635 1237 796 1305 Bacchus
830 1239 922 1304 inani
954 1235 1145 1304 verborum
1179 1239 1301 1305 tinnitu
1335 1252 1438 1322 atque

383 1348 529 1431 strepitu
553 1345 761 1414 celebratur:
1317 1350 1320 1354 ’
1493 1343 1494 1348 ’

310 1579 325 1591 '
416 1587 532 1642 Metam.
550 1585 595 1640 lV.
617 1587 645 1640 ll

449 1741 569 1798 turaque
587 1730 655 1783 dant
674 1729 880 1798 Bacchumque
900 1739 1003 1785 vocant
1023 1731 1232 1799 Bromiumque
1251 1730 1436 1798 Lyaeumque

450 1815 672 1882 ignigenamque
691 1822 845 1882 satumque
862 1815 966 1868 iterum
986 1816 1142 1882 solumque
1162 1813 1333 1868 Bimatrem:

449 1897 561 1952 additur
579 1899 624 1950 bis
643 1896 759 1965 Nyseus
779 1897 1013 1966 indetonsusque
1030 1897 1186 1965 Thyoneus

450 1991 561 2036 etcum
582 1982 696 2036 Lenaeo
715 1981 835 2049 genialis
855 1983 983 2036 consitor
1001 1996 1081 2048 uvae,

387 2067 417 2119 15
452 2064 660 2134 Nycteliusque
679 2064 854 2134 Eleleusque
871 2079 976 2134 parens
999 2075 1026 2120 et
1043 2065 1163 2120 iacchus
1182 2075 1209 2120 et
1227 2065 1340 2131 Euhan,

450 2158 479 2204 et
495 2164 569 2218 quae
587 2157 734 2216 praeterea
752 2162 803 2216 per
821 2147 924 2224 Graias
942 2149 1066 2217 plurima
1083 2159 1185 2218 gentes

450 2236 576 2300 nominc,
593 2233 685 2297 Liber,
703 2233 801 2286 habes.
829 2234 881 2294 tibi¹
897 2233 974 2286 enim
993 2233 1197 2301 inconsumpta
1215 2234 1333 2288 iuventa
1352 2242 1405 2298 est,

449 2327 478 2392 tu
498 2331 570 2386 puer
587 2326 731 2384 aeternus,
749 2326 779 2370 tu
799 2315 1033 2371 formosissimus
1052 2317 1109 2370 aito
1187 2307 1192 2326 '

450 2401 628 2468 conspiceris
646 2402 734 2454 caelo.
764 2401 823 2467 tibi,
844 2415 909 2454 cum
929 2401 993 2454 sine
1012 2403 1148 2454 cornibus
1165 2409 1251 2468 astas,
1272 2395 1276 2398 ’

382 2485 417 2539 20
451 2484 611 2554 virgineum
630 2481 715 2552 caput
733 2494 786 2538 est.
814 2485 912 2541 oriens
930 2485 980 2539 tibi
998 2486 1091 2540 victus
1109 2485 1254 2554 adusque»

448 2569 567 2628 ¹decolor
585 2577 713 2623 extremo
732 2584 789 2638 qua
805 2570 945 2636 tinguitur
961 2569 1040 2624 indic
1058 2567 1168 2637 Gange.

452 2653 578 2707 Penthea
589 2661 635 2720 tu,
653 2653 829 2720 venerande,
850 2653 1122 2722 bipenniferumque
1140 2652 1301 2721 Lycurgum

450 2739 606 2804 sacrilegos
625 2745 732 2790 mactas
750 2735 956 2805 Tyrrhenaque
974 2737 1063 2791 mittis
1085 2737 1113 2789 in
1132 2723 1240 2805 sequor

450 2826 577 2888 corpora'.
608 2830 638 2874 tu
657 2809 792 2888 biiugum
804 2811 888 2888 pictis
906 2821 1030 2888 insignia
1049 2819 1140 2875 irenis
1201 2835 1205 2846 ’

381 2907 417 2958 25
453 2906 526 2960 colla
544 2905 652 2972 premis
671 2906 796 2972 lyncum,
815 2903 946 2958 Bacchae
964 2903 1114 2974 Satyrique
1132 2913 1304 2973 sequuntur,

450 2991 558 3058 quique
575 3003 666 3042 senex
685 2987 778 3042 ieruie
795 2989 952 3044 titubantes
973 2990 1071 3042 ebrius
1089 2998 1167 3044 artus

450 3071 575 3126 'sustinet
593 3081 620 3143 et
639 3073 732 3140 pando
751 3087 809 3127 non
830 3071 942 3127 fortiter
960 3074 1059 3126 haeret
1076 3074 1174 3127 asello.

450 3170 633 3225 quacumque
650 3157 819 3226 ingrederis,
837 3159 946 3211 clamor
957 3157 1105 3211 'iuvenalis
1124 3165 1152 3210 et
1170 3171 1226 3210 una

451 3241 594 3296 iemlneae
612 3256 699 3296 voces
718 3241 903 3310 impulsaque
919 3252 1054 3310 tympana
1072 3242 1176 3309 palmis

381 3325 418 3379 30
452 3340 635 3394 concavaque
653 3339 718 3380 aera
736 3335 841 3380 sonent
858 3327 1003 3394 longoque
1022 3325 1164 3380 foramine
1183 3327 1284 3380 buxus.

425 3553 575 3636 primum
598 3564 856 3636 enumerantur,
880 3553 927 3618 uti
944 3552 1056 3634 vides,
1079 3552 1284 3637 cognomina
1308 3564 1342 3620 et
1366 3553 1440 3638 epi·
1493 3549 1494 3556 ’

383 3662 473 3729 theta
493 3660 622 3728 Bacchi
639 3659 758 3745 (194);
783 3661 909 3730 deinde
933 3660 1141 3729 describitur
1163 3661 1219 3728 dei
1243 3657 1356 3728 forma
1381 3679 1438 3729 res

416 4007 491 4073 (194)
511 4005 549 4060 cl.
566 4008 674 4059 lutona
691 4003 824 4059 Διονύσου
842 4007 916 4073 apud
936 4005 1187 4072 Studemundium‚
1207 3999 1314 4060 Anecd.
1334 4005 1401 4060 Var.
1421 4006 1438 4058 l.

383 4107 408 4159 p.
425 4091 489 4145 268.
506 4090 613 4160 275sq.
630 4089 694 4144 282.
1362 4091 1364 4096 “
