3000 5168
512 583 631 693 (tt)

40 749 165 836 legerit.
212 769 317 840 quam
351 759 557 824 sententiam
593 775 707 840 neque
722 753 882 826 ¹Cruslus
905 757 1095 827 rationibus

39 857 184 929 firmavit
219 879 335 949 neque
370 879 435 948 ego
470 883 527 932 res
553 865 705 933 occultas
738 885 777 934 ac
800 868 938 951 penitus
964 867 1094 938 abditas

39 975 150 1038 animo
186 972 312 1040 videre
348 989 507 1058 possum.
563 975 657 1060 quod
686 993 776 1042 xero
810 976 902 1044 idem
926 973 1094 1046 Ovidium
1224 1048 1234 1060 ,

37 1079 174 1148 Metam.
200 1079 258 1147 lV.
287 1085 357 1148 584
392 1081 568 1168 Euripidis
603 1101 794 1153 memorem
829 1103 868 1153 se
908 1087 1093 1156 ostendere

38 1191 186 1274 scripsit,
221 1187 358 1258 fallitur.
414 1189 696 1259 Wilamowitzius
731 1191 833 1276 (146)
867 1195 958 1261 enim
993 1197 1094 1264 evicit
1182 1186 1184 1190 ’

37 1295 268 1382 fragmentum
291 1297 519 1384 Euripideum
545 1299 647 1383 (147)
685 1302 730 1368 de
763 1319 832 1386 quo
859 1304 968 1386 agitur
989 1307 1094 1389 perti·

37 1425 117 1475 nere
141 1408 188 1474 ad
211 1406 461 1476 Erechtheum.

1 1605 2 1608 Ἴ
73 1543 203 1592 verum
237 1525 282 1593 de
306 1528 503 1594 narratione
527 1523 701 1594 Ovidlana
734 1526 910 1596 hactenus.
959 1532 1024 1598 iam
1048 1531 1092 1600 de

1 1703 2 1708 ,
36 1633 139 1701 rebus
162 1633 343 1702 Thebanis
377 1633 650 1720 mythographos
680 1637 914 1720 inspiciamus,
947 1641 976 1706 si
1009 1641 1092 1726 quid

1 1785 2 1826 p
35 1761 74 1808 ex
97 1745 143 1809 iis
166 1743 213 1810 de
237 1741 391 1811 lontibus
414 1740 529 1812 Ovidi
546 1744 683 1841 discere
706 1747 893 1829 possimus.

1 1913 2 1946 2
72 1861 134 1943 qui
169 1861 262 1927 inter
284 1857 455 1927 Ovidium
488 1873 521 1927 et
554 1859 796 1929 bibliothecam
819 1860 1024 1946 Apollodori
1059 1879 1092 1932 et

34 1966 113 2035 alias
140 1985 401 2052 saepenumero
417 1968 601 2036 intercedit
623 1981 823 2052 concentus,
846 1969 937 2038 haud
959 1975 1033 2040 scio
1048 1992 1090 2041 an

1 2151 2 2156 ,
35 2095 207 2163 nusquam
242 2079 351 2180 magis
385 2076 508 2144 oculos
531 2075 630 2145 ieriat
652 2096 754 2162 quam
788 2080 822 2145 in
856 2078 979 2147 fabulis
1001 2079 1092 2149 The-

1 2185 2 2204 ³
35 2186 144 2254 banis.
190 2204 270 2286 narn
295 2199 331 2253 ut
354 2199 490 2270 raptum
514 2185 674 2271 Europae
696 2185 833 2255 Thebas
857 2188 1011 2257 conditas
1034 2207 1091 2258 or-

1 2289 2 2338 ἓ
33 2309 100 2362 tum
118 2292 329 2380 Spartorum
346 2297 513 2400 omittam,¹
533 2297 671 2380 nuptiae
687 2293 813 2364 Cadmi
830 2311 863 2363 et
878 2295 1089 2367 Harmoniae

1 2397 2 2488 .
34 2402 170 2472 fabulae
187 2401 549 2471 ActaeonisSemeles
565 2402 708 2472 Penthei
732 2403 847 2472 Liberi
871 2424 949 2472 cum
971 2409 1089 2491 piratis

34 2511 111 2580 lnus
149 2526 184 2580 et
205 2509 558 2582 Melicertae'Cadmi
593 2513 744 2597 denique
767 2516 957 2598 uxorisque
985 2531 1090 2584 meta-

33 2621 246 2707 morphoses
269 2621 362 2705 apud
385 2633 571 2706 utrumque
593 2623 799 2706 scriptorem
833 2625 876 2690 ita
899 2639 1089 2710 narrantur,

33 2745 64 2797 ut
86 2734 123 2798 in
148 2732 270 2815 aprico
295 2732 338 2797 sit
361 2729 531 2798 ambobus
547 2721 694 2798 subesse
710 2729 840 2799 iontem
857 2749 1088 2803 communem.

32 2841 163 2908 scillcet
197 2841 327 2923 stirpes
361 2839 513 2907 heroum¹
542 2831 634 2923 apud
657 2854 841 2924 utrumque
864 2844 1007 2911 eaedem
1031 2857 1089 2912 oc-v

33 2963 176 3018 currunt
209 2961 374 3033 totusque
408 2947 481 3017 iere
505 2951 734 3034 expositionis
768 2963 868 3018 tenor
900 2951 1003 3020 idem·
1026 2967 1087 3021 est.

33 3061 193 3127 ordinem
228 3076 381 3143 quoque,
414 3076 484 3143 quo
518 3057 702 3143 utrobique
730 3057 870 3128 -labulae
897 3049 1087 3146 narrantur,

33 3183 160 3235 utnon
184 3185 335 3252 prorsus
358 3168 520 3251 eundem,
553 3171 604 3235 sic
626 3166 838 3235 simillimum
862 3183 974 3238 tamen
1007 3161 1087 3240 esse

32 3289 185 3362 apparet.
229 3275 327 3344 velut
342 3277 434 3361 apud
450 3279 636 3361 utrumque
653 3277 944 3363 metamorphosis
961 3278 1086 3349 Cadmi

32 3401 61 3452 et
98 3384 320 3453 Harmoniae
357 3388 516 3470 sequitur
552 3384 684 3454 fabulas
721 3385 866 3455 liliorum
904 3403 1088 3473 nepotum-

32 3514 95 3582 que
118 3493 237 3578 (148).
282 3511 490 3579 quamquam
515 3492 667 3563 Ovidius
690 3514 756 3563 suo
779 3487 924 3564 arbitrio*
942 3500 1087 3568 inseruit

59 3799 139 3866 (146)
157 3813 211 3854 aus
229 3797 384 3868 Kydathan
404 3811 430 3867 p.
452 3798 511 3852 141.
528 3799 565 3853 63
583 3807 655 3868 etp.
672 3799 735 3854 228.

60 3891 140 3959 (147)
158 3893 303 3963 trau-inc.
323 3890 376 3962 lrg.
393 3893 447 3948 9³9
465 3893 574 3948 Nauck.

60 3983 136 4049 (148)
165 3986 239 4054 apud
261 3985 409 4054 Hyginum
437 4000 553 4055 quoque
580 3988 822 4056 metamorphosis
841 3945 948 4044 Cadmi
970 3947 1037 4059 (lab.
1055 3991 1084 4052 6)

32 4069 134 4137 legitur
152 4078 218 4136 post
236 4069 365 4124 labuiam
385 4069 421 4124 de
439 4069 489 4124 ino
508 4079 535 4125 et
552 4069 701 4126 Melicerte
719 4071 788 4139 (lab.
804 4072 841 4139 5),
859 4087 933 4141 quae
951 4075 1035 4130 etiam
1054 4077 1082 4132 in

31 4151 245 4208 heremitanis
265 4153 374 4208 exitum
395 4152 497 4208 Cadmi
517 4156 647 4223 proxime
664 4157 814 4211 antecedit.

850 4260 868 4313 5
