<?xml version="1.0" encoding="UTF-8"?>
<!DOCTYPE html PUBLIC "-//W3C//DTD XHTML 1.0 Transitional//EN"
    "http://www.w3.org/TR/xhtml1/DTD/xhtml1-transitional.dtd">
<html xmlns="http://www.w3.org/1999/xhtml" xml:lang="en" lang="en">
 <head>
  <title>
</title>
<meta http-equiv="Content-Type" content="text/html;charset=utf-8" />
  <meta name='ocr-system' content='tesseract 3.04.00' />
  <meta name='ocr-capabilities' content='ocr_page ocr_carea ocr_par ocr_line ocrx_word'/>
</head>
<body>
  <div class='ocr_page' id='page_1' title='image "./deovidimythopoe01vollgoog_0035.png"; bbox 0 0 3000 5168; ppageno 0'>
   <div class='ocr_carea' id='block_1_1' title="bbox 867 508 988 618">
    <p class='ocr_par' dir='ltr' id='par_1_1' title="bbox 867 508 988 618">
     <span class='ocr_line' id='line_1_1' title="bbox 867 508 988 618; baseline 0.033 -4"><span class='ocrx_word' id='word_1_1' title='bbox 867 508 988 618; x_wconf 79' lang='lat' dir='ltr'>(ta)</span> 
     </span>
    </p>
   </div>
   <div class='ocr_carea' id='block_1_2' title="bbox 402 675 1456 2182">
    <p class='ocr_par' dir='ltr' id='par_1_2' title="bbox 402 675 1456 1308">
     <span class='ocr_line' id='line_1_2' title="bbox 445 675 1454 766; baseline -0.005 -16"><span class='ocrx_word' id='word_1_2' title='bbox 445 680 616 766; x_wconf 77' lang='lat' dir='ltr'>Triphylii</span> <span class='ocrx_word' id='word_1_3' title='bbox 629 680 784 749; x_wconf 83' lang='lat' dir='ltr'>Arcades</span> <span class='ocrx_word' id='word_1_4' title='bbox 801 679 940 749; x_wconf 90' lang='lat' dir='ltr'>luerunt</span> <span class='ocrx_word' id='word_1_5' title='bbox 956 681 1068 749; x_wconf 93' lang='lat' dir='ltr'>donec</span> <span class='ocrx_word' id='word_1_6' title='bbox 1090 677 1127 746; x_wconf 72' lang='lat' dir='ltr'>aa*</span> <span class='ocrx_word' id='word_1_7' title='bbox 1152 677 1264 746; x_wconf 76' lang='grc' dir='ltr'><strong><em>κοινὸν</em></strong></span> <span class='ocrx_word' id='word_1_8' title='bbox 1285 675 1354 746; x_wconf 72' lang='grc' dir='ltr'>τῶν</span> <span class='ocrx_word' id='word_1_9' title='bbox 1372 675 1454 765; x_wconf 80' lang='grc' dir='ltr'>’Λρ-</span> 
     </span>
     <span class='ocr_line' id='line_1_3' title="bbox 402 786 1455 872; baseline -0.002 -16"><span class='ocrx_word' id='word_1_10' title='bbox 402 789 511 857; x_wconf 72' lang='grc' dir='ltr'><strong><em>κάόων</em></strong></span> <span class='ocrx_word' id='word_1_11' title='bbox 544 791 675 858; x_wconf 89' lang='lat' dir='ltr'>corruit</span> <span class='ocrx_word' id='word_1_12' title='bbox 698 787 788 872; x_wconf 83' lang='lat'><strong>(52).</strong></span> <span class='ocrx_word' id='word_1_13' title='bbox 833 789 960 857; x_wconf 87' lang='lat' dir='ltr'>deinde</span> <span class='ocrx_word' id='word_1_14' title='bbox 994 809 1117 857; x_wconf 85' lang='lat' dir='ltr'>rursus</span> <span class='ocrx_word' id='word_1_15' title='bbox 1140 787 1213 856; x_wconf 87' lang='lat' dir='ltr'>Elei</span> <span class='ocrx_word' id='word_1_16' title='bbox 1247 786 1324 856; x_wconf 89' lang='lat' dir='ltr'>lacti</span> <span class='ocrx_word' id='word_1_17' title='bbox 1371 803 1455 856; x_wconf 91' lang='lat' dir='ltr'>sunt.</span> 
     </span>
     <span class='ocr_line' id='line_1_4' title="bbox 406 895 1456 981; baseline -0.004 -15"><span class='ocrx_word' id='word_1_18' title='bbox 406 911 519 966; x_wconf 88' lang='lat' dir='ltr'>narrat</span> <span class='ocrx_word' id='word_1_19' title='bbox 531 911 644 966; x_wconf 91' lang='lat' dir='ltr'>tamen</span> <span class='ocrx_word' id='word_1_20' title='bbox 657 895 825 980; x_wconf 88' lang='lat' dir='ltr'>Polybius</span> <span class='ocrx_word' id='word_1_21' title='bbox 841 895 919 980; x_wconf 81' lang='grc'><strong>(53)</strong></span> <span class='ocrx_word' id='word_1_22' title='bbox 933 896 1037 965; x_wconf 88' lang='lat' dir='ltr'>Eleos</span> <span class='ocrx_word' id='word_1_23' title='bbox 1049 895 1153 981; x_wconf 92' lang='lat' dir='ltr'>paulo</span> <span class='ocrx_word' id='word_1_24' title='bbox 1166 910 1243 964; x_wconf 89' lang='lat' dir='ltr'>ante</span> <span class='ocrx_word' id='word_1_25' title='bbox 1259 915 1288 963; x_wconf 88' lang='lat' dir='ltr'>a.</span> <span class='ocrx_word' id='word_1_26' title='bbox 1300 901 1375 964; x_wconf 85' lang='grc'>219</span> <span class='ocrx_word' id='word_1_27' title='bbox 1388 895 1456 964; x_wconf 89' lang='lat' dir='ltr'>Tri·</span> 
     </span>
     <span class='ocr_line' id='line_1_5' title="bbox 405 1003 1455 1092; baseline -0.003 -18"><span class='ocrx_word' id='word_1_28' title='bbox 405 1006 558 1092; x_wconf 93' lang='lat' dir='ltr'>phyliam</span> <span class='ocrx_word' id='word_1_29' title='bbox 591 1008 626 1074; x_wconf 89' lang='lat' dir='ltr'>vi</span> <span class='ocrx_word' id='word_1_30' title='bbox 659 1023 864 1090; x_wconf 86' lang='lat' dir='ltr'><strong>occupasse.</strong></span> <span class='ocrx_word' id='word_1_31' title='bbox 909 1005 990 1073; x_wconf 86' lang='lat' dir='ltr'>inde</span> <span class='ocrx_word' id='word_1_32' title='bbox 1022 1003 1063 1072; x_wconf 91' lang='lat' dir='ltr'>ab</span> <span class='ocrx_word' id='word_1_33' title='bbox 1097 1023 1187 1072; x_wconf 90' lang='lat' dir='ltr'>anno</span> <span class='ocrx_word' id='word_1_34' title='bbox 1210 1006 1321 1086; x_wconf 84' lang='lat' dir='ltr'>219l8</span> <span class='ocrx_word' id='word_1_35' title='bbox 1344 1004 1455 1072; x_wconf 89' lang='lat' dir='ltr'>Mace·</span> 
     </span>
     <span class='ocr_line' id='line_1_6' title="bbox 406 1113 1454 1200; baseline -0.003 -16"><span class='ocrx_word' id='word_1_36' title='bbox 406 1117 537 1184; x_wconf 92' lang='lat' dir='ltr'>donum</span> <span class='ocrx_word' id='word_1_37' title='bbox 561 1118 710 1200; x_wconf 91' lang='lat' dir='ltr'>imperio</span> <span class='ocrx_word' id='word_1_38' title='bbox 744 1113 890 1183; x_wconf 90' lang='lat' dir='ltr'>subiecti</span> <span class='ocrx_word' id='word_1_39' title='bbox 924 1113 1072 1183; x_wconf 89' lang='lat' dir='ltr'>luerunt.</span> <span class='ocrx_word' id='word_1_40' title='bbox 1121 1113 1274 1183; x_wconf 82' lang='lat' dir='ltr'>foederis</span> <span class='ocrx_word' id='word_1_41' title='bbox 1308 1115 1454 1199; x_wconf 87' lang='lat' dir='ltr'>denique</span> 
     </span>
     <span class='ocr_line' id='line_1_7' title="bbox 405 1223 1401 1308; baseline -0.002 -15"><span class='ocrx_word' id='word_1_42' title='bbox 405 1225 548 1293; x_wconf 82' lang='lat' dir='ltr'>Achaici</span> <span class='ocrx_word' id='word_1_43' title='bbox 572 1225 653 1293; x_wconf 93' lang='lat' dir='ltr'>inde</span> <span class='ocrx_word' id='word_1_44' title='bbox 676 1223 717 1292; x_wconf 93' lang='lat' dir='ltr'>ab</span> <span class='ocrx_word' id='word_1_45' title='bbox 741 1229 927 1292; x_wconf 76' lang='lat' dir='ltr'>annotata</span> <span class='ocrx_word' id='word_1_46' title='bbox 951 1223 1090 1292; x_wconf 86' lang='lat' dir='ltr'>luerunt</span> <span class='ocrx_word' id='word_1_47' title='bbox 1112 1226 1309 1308; x_wconf 82' lang='lat' dir='ltr'>participes.</span> <span class='ocrx_word' id='word_1_48' title='bbox 1399 1271 1401 1275; x_wconf 90' lang='lat'>-</span> 
     </span>
    </p>

    <p class='ocr_par' dir='ltr' id='par_1_3' title="bbox 405 1331 1456 1853">
     <span class='ocr_line' id='line_1_8' title="bbox 448 1331 1455 1417; baseline -0.003 -16"><span class='ocrx_word' id='word_1_49' title='bbox 448 1333 555 1402; x_wconf 88' lang='lat' dir='ltr'>redeo</span> <span class='ocrx_word' id='word_1_50' title='bbox 589 1333 632 1400; x_wconf 88' lang='lat' dir='ltr'>ad</span> <span class='ocrx_word' id='word_1_51' title='bbox 667 1331 797 1400; x_wconf 85' lang='lat' dir='ltr'>iontem</span> <span class='ocrx_word' id='word_1_52' title='bbox 820 1331 1011 1400; x_wconf 80' lang='lat' dir='ltr'>Pausaniae</span> <span class='ocrx_word' id='word_1_53' title='bbox 1045 1335 1104 1416; x_wconf 87' lang='lat' dir='ltr'>qui</span> <span class='ocrx_word' id='word_1_54' title='bbox 1126 1331 1344 1417; x_wconf 90' lang='lat' dir='ltr'>Triphyliam</span> <span class='ocrx_word' id='word_1_55' title='bbox 1368 1331 1455 1399; x_wconf 90' lang='lat' dir='ltr'>Mes·</span> 
     </span>
     <span class='ocr_line' id='line_1_9' title="bbox 405 1440 1456 1525; baseline -0.003 -16"><span class='ocrx_word' id='word_1_56' title='bbox 405 1445 524 1510; x_wconf 92' lang='lat' dir='ltr'>seniae</span> <span class='ocrx_word' id='word_1_57' title='bbox 546 1441 709 1524; x_wconf 81' lang='lat' dir='ltr'>adiungit.</span> <span class='ocrx_word' id='word_1_58' title='bbox 739 1459 886 1525; x_wconf 88' lang='lat' dir='ltr'>quanam</span> <span class='ocrx_word' id='word_1_59' title='bbox 909 1454 1017 1510; x_wconf 86' lang='lat' dir='ltr'>aetate</span> <span class='ocrx_word' id='word_1_60' title='bbox 1040 1440 1108 1508; x_wconf 94' lang='lat' dir='ltr'>hoc</span> <span class='ocrx_word' id='word_1_61' title='bbox 1128 1443 1290 1525; x_wconf 84' lang='lat' dir='ltr'>scriptori</span> <span class='ocrx_word' id='word_1_62' title='bbox 1314 1443 1350 1508; x_wconf 96' lang='lat' dir='ltr'>in</span> <span class='ocrx_word' id='word_1_63' title='bbox 1368 1459 1456 1508; x_wconf 92' lang='lat' dir='ltr'>men-</span> 
     </span>
     <span class='ocr_line' id='line_1_10' title="bbox 405 1551 1454 1637; baseline -0.001 -19"><span class='ocrx_word' id='word_1_64' title='bbox 405 1565 474 1619; x_wconf 88' lang='lat' dir='ltr'>tem</span> <span class='ocrx_word' id='word_1_65' title='bbox 496 1553 618 1619; x_wconf 91' lang='lat' dir='ltr'>venire</span> <span class='ocrx_word' id='word_1_66' title='bbox 641 1551 802 1636; x_wconf 81' lang='lat' dir='ltr'>poterat?</span> <span class='ocrx_word' id='word_1_67' title='bbox 846 1551 1132 1637; x_wconf 87' lang='lat' dir='ltr'>respondendum</span> <span class='ocrx_word' id='word_1_68' title='bbox 1157 1565 1209 1620; x_wconf 93' lang='lat' dir='ltr'>est</span> <span class='ocrx_word' id='word_1_69' title='bbox 1232 1553 1320 1619; x_wconf 91' lang='lat' dir='ltr'>inter</span> <span class='ocrx_word' id='word_1_70' title='bbox 1344 1571 1375 1618; x_wconf 88' lang='lat' dir='ltr'>a.</span> <span class='ocrx_word' id='word_1_71' title='bbox 1393 1556 1454 1618; x_wconf 82' lang='grc'>398</span> 
     </span>
     <span class='ocr_line' id='line_1_11' title="bbox 408 1658 1455 1745; baseline 0 -18"><span class='ocrx_word' id='word_1_72' title='bbox 408 1673 442 1727; x_wconf 92' lang='lat' dir='ltr'>et</span> <span class='ocrx_word' id='word_1_73' title='bbox 464 1663 547 1742; x_wconf 78' lang='lat'>370,</span> <span class='ocrx_word' id='word_1_74' title='bbox 576 1671 654 1726; x_wconf 93' lang='lat' dir='ltr'>cum</span> <span class='ocrx_word' id='word_1_75' title='bbox 682 1658 803 1744; x_wconf 88' lang='lat' dir='ltr'>Sparta</span> <span class='ocrx_word' id='word_1_76' title='bbox 825 1658 1027 1745; x_wconf 90' lang='lat' dir='ltr'>Triphylios</span> <span class='ocrx_word' id='word_1_77' title='bbox 1050 1661 1180 1745; x_wconf 90' lang='lat' dir='ltr'>pariter</span> <span class='ocrx_word' id='word_1_78' title='bbox 1200 1673 1302 1744; x_wconf 87' lang='lat' dir='ltr'>atque</span> <span class='ocrx_word' id='word_1_79' title='bbox 1324 1663 1455 1728; x_wconf 92' lang='lat' dir='ltr'>vicinos</span> 
     </span>
     <span class='ocr_line' id='line_1_12' title="bbox 407 1767 1455 1853; baseline 0 -19"><span class='ocrx_word' id='word_1_80' title='bbox 407 1767 607 1836; x_wconf 85' lang='lat' dir='ltr'>Messenios</span> <span class='ocrx_word' id='word_1_81' title='bbox 623 1769 750 1836; x_wconf 91' lang='lat' dir='ltr'>invitos</span> <span class='ocrx_word' id='word_1_82' title='bbox 766 1768 981 1837; x_wconf 91' lang='lat' dir='ltr'>subditione</span> <span class='ocrx_word' id='word_1_83' title='bbox 997 1787 1060 1836; x_wconf 91' lang='lat' dir='ltr'>sua</span> <span class='ocrx_word' id='word_1_84' title='bbox 1075 1787 1114 1836; x_wconf 90' lang='lat' dir='ltr'>ac</span> <span class='ocrx_word' id='word_1_85' title='bbox 1131 1782 1299 1853; x_wconf 85' lang='lat' dir='ltr'>potestate</span> <span class='ocrx_word' id='word_1_86' title='bbox 1315 1769 1455 1838; x_wconf 87' lang='lat' dir='ltr'>tenebat.</span> 
     </span>
    </p>

    <p class='ocr_par' dir='ltr' id='par_1_4' title="bbox 407 1875 1455 2182">
     <span class='ocr_line' id='line_1_13' title="bbox 450 1875 1454 1962; baseline -0.002 -18"><span class='ocrx_word' id='word_1_87' title='bbox 450 1875 590 1945; x_wconf 87' lang='lat' dir='ltr'>alteram</span> <span class='ocrx_word' id='word_1_88' title='bbox 625 1877 748 1944; x_wconf 89' lang='lat' dir='ltr'>exordi</span> <span class='ocrx_word' id='word_1_89' title='bbox 780 1891 913 1962; x_wconf 90' lang='lat' dir='ltr'>partem</span> <span class='ocrx_word' id='word_1_90' title='bbox 946 1897 1035 1962; x_wconf 86' lang='lat' dir='ltr'>quae</span> <span class='ocrx_word' id='word_1_91' title='bbox 1069 1880 1102 1945; x_wconf 92' lang='lat' dir='ltr'>in</span> <span class='ocrx_word' id='word_1_92' title='bbox 1136 1877 1279 1946; x_wconf 91' lang='lat' dir='ltr'>historia</span> <span class='ocrx_word' id='word_1_93' title='bbox 1318 1875 1454 1944; x_wconf 83' lang='lat' dir='ltr'>fabulari</span> 
     </span>
     <span class='ocr_line' id='line_1_14' title="bbox 407 1986 1455 2072; baseline -0.001 -20"><span class='ocrx_word' id='word_1_94' title='bbox 407 1999 569 2053; x_wconf 90' lang='lat' dir='ltr'>versatur</span> <span class='ocrx_word' id='word_1_95' title='bbox 583 1986 670 2055; x_wconf 89' lang='lat' dir='ltr'>duas</span> <span class='ocrx_word' id='word_1_96' title='bbox 693 1988 820 2072; x_wconf 90' lang='lat' dir='ltr'>stirpes</span> <span class='ocrx_word' id='word_1_97' title='bbox 837 1988 999 2056; x_wconf 90' lang='lat' dir='ltr'>diversae</span> <span class='ocrx_word' id='word_1_98' title='bbox 1015 1990 1158 2072; x_wconf 82' lang='lat' dir='ltr'>originis</span> <span class='ocrx_word' id='word_1_99' title='bbox 1182 1989 1365 2056; x_wconf 86' lang='lat' dir='ltr'>continere</span> <span class='ocrx_word' id='word_1_100' title='bbox 1382 1986 1455 2054; x_wconf 86' lang='lat' dir='ltr'>vidit</span> 
     </span>
     <span class='ocr_line' id='line_1_15' title="bbox 408 2091 1455 2182; baseline 0.002 -22"><span class='ocrx_word' id='word_1_101' title='bbox 408 2092 523 2162; x_wconf 89' lang='lat' dir='ltr'>Hiller</span> <span class='ocrx_word' id='word_1_102' title='bbox 545 2093 589 2162; x_wconf 93' lang='lat' dir='ltr'>de</span> <span class='ocrx_word' id='word_1_103' title='bbox 614 2091 825 2179; x_wconf 77' lang='lat' dir='ltr'>Girtringen</span> <span class='ocrx_word' id='word_1_104' title='bbox 849 2094 940 2180; x_wconf 83' lang='lat'><strong>(54),</strong></span> <span class='ocrx_word' id='word_1_105' title='bbox 973 2115 1120 2180; x_wconf 90' lang='lat' dir='ltr'>quarum</span> <span class='ocrx_word' id='word_1_106' title='bbox 1154 2095 1259 2164; x_wconf 87' lang='lat' dir='ltr'>altera</span> <span class='ocrx_word' id='word_1_107' title='bbox 1288 2096 1455 2182; x_wconf 91' lang='lat' dir='ltr'>complec-</span> 
     </span>
    </p>
   </div>
   <div class='ocr_carea' id='block_1_3' title="bbox 304 2203 1453 2290">
    <p class='ocr_par' dir='ltr' id='par_1_5' title="bbox 304 2203 1453 2290">
     <span class='ocr_line' id='line_1_16' title="bbox 304 2203 1453 2290; baseline 0.003 -22"><span class='ocrx_word' id='word_1_108' title='bbox 304 2255 305 2258; x_wconf 63' lang='lat'>,</span> <span class='ocrx_word' id='word_1_109' title='bbox 407 2204 490 2270; x_wconf 93' lang='lat' dir='ltr'>titur</span> <span class='ocrx_word' id='word_1_110' title='bbox 526 2219 626 2287; x_wconf 82' lang='lat' dir='ltr'>reges</span> <span class='ocrx_word' id='word_1_111' title='bbox 663 2223 775 2288; x_wconf 87' lang='lat' dir='ltr'>usque</span> <span class='ocrx_word' id='word_1_112' title='bbox 811 2204 854 2271; x_wconf 88' lang='lat' dir='ltr'>ad</span> <span class='ocrx_word' id='word_1_113' title='bbox 887 2203 1092 2290; x_wconf 82' lang='lat' dir='ltr'>Agapenora</span> <span class='ocrx_word' id='word_1_114' title='bbox 1126 2203 1301 2272; x_wconf 82' lang='lat' dir='ltr'>Arcadum</span> <span class='ocrx_word' id='word_1_115' title='bbox 1337 2207 1453 2273; x_wconf 92' lang='lat' dir='ltr'>ducen</span> 
     </span>
    </p>
   </div>
   <div class='ocr_carea' id='block_1_4' title="bbox 408 2310 1454 2398">
    <p class='ocr_par' dir='ltr' id='par_1_6' title="bbox 408 2310 1454 2398">
     <span class='ocr_line' id='line_1_17' title="bbox 408 2310 1454 2398; baseline 0 -20"><span class='ocrx_word' id='word_1_116' title='bbox 408 2313 442 2378; x_wconf 94' lang='lat' dir='ltr'>in</span> <span class='ocrx_word' id='word_1_117' title='bbox 478 2310 570 2382; x_wconf 84' lang='lat' dir='ltr'>bello</span> <span class='ocrx_word' id='word_1_118' title='bbox 606 2311 759 2381; x_wconf 88' lang='lat' dir='ltr'>Troiano</span> <span class='ocrx_word' id='word_1_119' title='bbox 798 2312 897 2398; x_wconf 86' lang='grc'><strong>(55),</strong></span> <span class='ocrx_word' id='word_1_120' title='bbox 940 2314 1045 2384; x_wconf 89' lang='lat' dir='ltr'>altera</span> <span class='ocrx_word' id='word_1_121' title='bbox 1087 2331 1188 2398; x_wconf 81' lang='lat' dir='ltr'>reges</span> <span class='ocrx_word' id='word_1_122' title='bbox 1229 2317 1288 2398; x_wconf 86' lang='lat' dir='ltr'>qui</span> <span class='ocrx_word' id='word_1_123' title='bbox 1330 2316 1454 2382; x_wconf 90' lang='lat' dir='ltr'>indea</span> 
     </span>
    </p>
   </div>
   <div class='ocr_carea' id='block_1_5' title="bbox 407 2545 1454 2696">
    <p class='ocr_par' dir='ltr' id='par_1_7' title="bbox 407 2545 1454 2696">
     <span class='ocr_line' id='line_1_18' title="bbox 407 2545 1454 2614; baseline 0.002 -16"><span class='ocrx_word' id='word_1_124' title='bbox 407 2545 484 2612; x_wconf 90' lang='lat' dir='ltr'>phon</span> <span class='ocrx_word' id='word_1_125' title='bbox 503 2547 576 2600; x_wconf 87' lang='lat' dir='ltr'>auch</span> <span class='ocrx_word' id='word_1_126' title='bbox 593 2554 760 2614; x_wconf 79' lang='lat' dir='ltr'>ungenannt</span> <span class='ocrx_word' id='word_1_127' title='bbox 773 2546 869 2613; x_wconf 88' lang='lat' dir='ltr'>bleibt,</span> <span class='ocrx_word' id='word_1_128' title='bbox 886 2561 953 2600; x_wconf 89' lang='lat' dir='ltr'>vom</span> <span class='ocrx_word' id='word_1_129' title='bbox 968 2545 1131 2600; x_wconf 87' lang='lat' dir='ltr'>December</span> <span class='ocrx_word' id='word_1_130' title='bbox 1142 2546 1197 2600; x_wconf 80' lang='lat'>³70</span> <span class='ocrx_word' id='word_1_131' title='bbox 1216 2547 1260 2600; x_wconf 91' lang='lat' dir='ltr'>bis</span> <span class='ocrx_word' id='word_1_132' title='bbox 1273 2546 1402 2602; x_wconf 86' lang='lat' dir='ltr'>Februar</span> <span class='ocrx_word' id='word_1_133' title='bbox 1412 2546 1454 2600; x_wconf 82' lang='grc'>369</span> 
     </span>
     <span class='ocr_line' id='line_1_19' title="bbox 410 2627 972 2696; baseline 0.011 -14"><span class='ocrx_word' id='word_1_134' title='bbox 410 2628 494 2695; x_wconf 83' lang='lat' dir='ltr'>ruhig</span> <span class='ocrx_word' id='word_1_135' title='bbox 512 2645 546 2682; x_wconf 91' lang='lat' dir='ltr'>zu</span> <span class='ocrx_word' id='word_1_136' title='bbox 565 2627 647 2683; x_wconf 85' lang='lat' dir='ltr'>liaus</span> <span class='ocrx_word' id='word_1_137' title='bbox 665 2630 818 2696; x_wconf 82' lang='lat' dir='ltr'>gebliebcn</span> <span class='ocrx_word' id='word_1_138' title='bbox 836 2630 910 2684; x_wconf 88' lang='lat' dir='ltr'>sind.</span> <span class='ocrx_word' id='word_1_139' title='bbox 970 2683 972 2688; x_wconf 91' lang='lat'><em>.</em></span> 
     </span>
    </p>
   </div>
   <div class='ocr_carea' id='block_1_6' title="bbox 407 2711 1454 4135">
    <p class='ocr_par' dir='ltr' id='par_1_8' title="bbox 407 2711 1454 3696">
     <span class='ocr_line' id='line_1_20' title="bbox 441 2711 1454 2783; baseline -0.001 -17"><span class='ocrx_word' id='word_1_140' title='bbox 441 2711 615 2768; x_wconf 81' lang='lat' dir='ltr'>Pomtoyius</span> <span class='ocrx_word' id='word_1_141' title='bbox 636 2715 665 2767; x_wconf 91' lang='lat' dir='ltr'>in</span> <span class='ocrx_word' id='word_1_142' title='bbox 678 2727 806 2768; x_wconf 84' lang='lat' dir='ltr'>errorem</span> <span class='ocrx_word' id='word_1_143' title='bbox 825 2714 960 2768; x_wconf 90' lang='lat' dir='ltr'>inductus</span> <span class='ocrx_word' id='word_1_144' title='bbox 979 2722 1024 2768; x_wconf 86' lang='lat' dir='ltr'>est</span> <span class='ocrx_word' id='word_1_145' title='bbox 1043 2715 1118 2768; x_wconf 83' lang='lat' dir='ltr'>laiso</span> <span class='ocrx_word' id='word_1_146' title='bbox 1135 2715 1288 2769; x_wconf 87' lang='lat' dir='ltr'>arbitratus</span> <span class='ocrx_word' id='word_1_147' title='bbox 1300 2713 1454 2783; x_wconf 86' lang='lat' dir='ltr'>Triphylios</span> 
     </span>
     <span class='ocr_line' id='line_1_21' title="bbox 407 2797 1454 2858; baseline 0.003 -6"><span class='ocrx_word' id='word_1_148' title='bbox 407 2797 644 2853; x_wconf 81' lang='lat' dir='ltr'>Lacedaemoniis</span> <span class='ocrx_word' id='word_1_149' title='bbox 665 2801 814 2856; x_wconf 81' lang='lat' dir='ltr'>beneflciis</span> <span class='ocrx_word' id='word_1_150' title='bbox 832 2803 981 2858; x_wconf 85' lang='lat' dir='ltr'>devinctos</span> <span class='ocrx_word' id='word_1_151' title='bbox 1007 2813 1034 2856; x_wconf 89' lang='lat' dir='ltr'>er</span> <span class='ocrx_word' id='word_1_152' title='bbox 1052 2803 1194 2858; x_wconf 90' lang='lat' dir='ltr'>amicitiae</span> <span class='ocrx_word' id='word_1_153' title='bbox 1212 2801 1331 2856; x_wconf 82' lang='lat' dir='ltr'>loedere</span> <span class='ocrx_word' id='word_1_154' title='bbox 1353 2805 1454 2856; x_wconf 89' lang='lat' dir='ltr'>iunctos</span> 
     </span>
     <span class='ocr_line' id='line_1_22' title="bbox 408 2880 1454 2954; baseline 0.001 -20"><span class='ocrx_word' id='word_1_155' title='bbox 408 2880 512 2934; x_wconf 91' lang='lat' dir='ltr'>luisse.</span> <span class='ocrx_word' id='word_1_156' title='bbox 543 2883 586 2937; x_wconf 90' lang='lat' dir='ltr'>sic</span> <span class='ocrx_word' id='word_1_157' title='bbox 604 2883 689 2937; x_wconf 87' lang='lat' dir='ltr'>etiam</span> <span class='ocrx_word' id='word_1_158' title='bbox 708 2885 794 2952; x_wconf 90' lang='lat' dir='ltr'>paulo</span> <span class='ocrx_word' id='word_1_159' title='bbox 812 2899 900 2953; x_wconf 89' lang='lat' dir='ltr'>supra</span> <span class='ocrx_word' id='word_1_160' title='bbox 919 2886 1072 2953; x_wconf 84' lang='lat' dir='ltr'>Lepreatas</span> <span class='ocrx_word' id='word_1_161' title='bbox 1094 2893 1160 2954; x_wconf 90' lang='lat' dir='ltr'>post</span> <span class='ocrx_word' id='word_1_162' title='bbox 1178 2886 1320 2954; x_wconf 89' lang='lat' dir='ltr'>proelium</span> <span class='ocrx_word' id='word_1_163' title='bbox 1342 2884 1454 2940; x_wconf 88' lang='lat' dir='ltr'>Leuctri-</span> 
     </span>
     <span class='ocr_line' id='line_1_23' title="bbox 408 2965 1454 3038; baseline -0.001 -19"><span class='ocrx_word' id='word_1_164' title='bbox 408 2978 474 3019; x_wconf 91' lang='lat' dir='ltr'>cum</span> <span class='ocrx_word' id='word_1_165' title='bbox 494 2966 523 3019; x_wconf 91' lang='lat' dir='ltr'>in</span> <span class='ocrx_word' id='word_1_166' title='bbox 545 2965 670 3034; x_wconf 78' lang='lat' dir='ltr'>Agesilai</span> <span class='ocrx_word' id='word_1_167' title='bbox 689 2969 791 3023; x_wconf 84' lang='lat' dir='ltr'>castris</span> <span class='ocrx_word' id='word_1_168' title='bbox 810 2969 956 3024; x_wconf 87' lang='lat' dir='ltr'>mansisse</span> <span class='ocrx_word' id='word_1_169' title='bbox 982 2969 1049 3024; x_wconf 89' lang='lat' dir='ltr'>dicit</span> <span class='ocrx_word' id='word_1_170' title='bbox 1076 2971 1145 3038; x_wconf 79' lang='lat' dir='ltr'>grati</span> <span class='ocrx_word' id='word_1_171' title='bbox 1172 2970 1260 3023; x_wconf 90' lang='lat' dir='ltr'>animi</span> <span class='ocrx_word' id='word_1_172' title='bbox 1288 2983 1360 3037; x_wconf 83' lang='lat' dir='ltr'>ergo</span> <span class='ocrx_word' id='word_1_173' title='bbox 1387 2969 1454 3036; x_wconf 83' lang='lat' dir='ltr'>(„aus</span> 
     </span>
     <span class='ocr_line' id='line_1_24' title="bbox 407 3048 1454 3122; baseline 0 -21"><span class='ocrx_word' id='word_1_174' title='bbox 407 3049 481 3102; x_wconf 84' lang='lat' dir='ltr'>alter</span> <span class='ocrx_word' id='word_1_175' title='bbox 498 3048 728 3118; x_wconf 54' lang='lat' dir='ltr'>Danhbarheid).</span> <span class='ocrx_word' id='word_1_176' title='bbox 763 3053 840 3121; x_wconf 86' lang='lat' dir='ltr'>quod</span> <span class='ocrx_word' id='word_1_177' title='bbox 861 3053 947 3122; x_wconf 77' lang='lat' dir='ltr'>longe</span> <span class='ocrx_word' id='word_1_178' title='bbox 964 3068 1052 3108; x_wconf 90' lang='lat' dir='ltr'>secus</span> <span class='ocrx_word' id='word_1_179' title='bbox 1077 3068 1145 3108; x_wconf 87' lang='lat' dir='ltr'>esse</span> <span class='ocrx_word' id='word_1_180' title='bbox 1162 3053 1283 3107; x_wconf 88' lang='lat' dir='ltr'>videtur.</span> <span class='ocrx_word' id='word_1_181' title='bbox 1316 3051 1454 3121; x_wconf 84' lang='lat' dir='ltr'>Triphylii,</span> 
     </span>
     <span class='ocr_line' id='line_1_25' title="bbox 412 3132 1453 3205; baseline 0.002 -21"><span class='ocrx_word' id='word_1_182' title='bbox 412 3132 437 3185; x_wconf 89' lang='lat' dir='ltr'>si</span> <span class='ocrx_word' id='word_1_183' title='bbox 456 3133 524 3199; x_wconf 91' lang='lat' dir='ltr'>quid</span> <span class='ocrx_word' id='word_1_184' title='bbox 542 3133 635 3200; x_wconf 84' lang='lat' dir='ltr'>yideo,</span> <span class='ocrx_word' id='word_1_185' title='bbox 662 3149 768 3191; x_wconf 89' lang='lat' dir='ltr'>nomen</span> <span class='ocrx_word' id='word_1_186' title='bbox 787 3136 960 3192; x_wconf 88' lang='lat' dir='ltr'>Laconicum</span> <span class='ocrx_word' id='word_1_187' title='bbox 983 3151 1041 3192; x_wconf 89' lang='lat' dir='ltr'>non</span> <span class='ocrx_word' id='word_1_188' title='bbox 1060 3138 1158 3192; x_wconf 89' lang='lat' dir='ltr'>minus</span> <span class='ocrx_word' id='word_1_189' title='bbox 1176 3137 1272 3204; x_wconf 88' lang='lat' dir='ltr'>perosi</span> <span class='ocrx_word' id='word_1_190' title='bbox 1290 3146 1364 3191; x_wconf 88' lang='lat' dir='ltr'>sunt</span> <span class='ocrx_word' id='word_1_191' title='bbox 1382 3148 1453 3205; x_wconf 87' lang='lat' dir='ltr'>quan</span> 
     </span>
     <span class='ocr_line' id='line_1_26' title="bbox 410 3209 1453 3290; baseline 0.002 -23"><span class='ocrx_word' id='word_1_192' title='bbox 410 3214 506 3268; x_wconf 82' lang='lat' dir='ltr'>Eleos.</span> <span class='ocrx_word' id='word_1_193' title='bbox 537 3209 644 3286; x_wconf 84' lang='lat' dir='ltr'>&#39;neque</span> <span class='ocrx_word' id='word_1_194' title='bbox 671 3233 717 3274; x_wconf 91' lang='lat' dir='ltr'>me</span> <span class='ocrx_word' id='word_1_195' title='bbox 745 3229 842 3276; x_wconf 86' lang='lat' dir='ltr'>movet</span> <span class='ocrx_word' id='word_1_196' title='bbox 857 3222 953 3276; x_wconf 66' lang='lat' dir='ltr'>&#39;locus</span> <span class='ocrx_word' id='word_1_197' title='bbox 981 3219 1131 3276; x_wconf 88' lang='lat' dir='ltr'>Strabonis</span> <span class='ocrx_word' id='word_1_198' title='bbox 1160 3236 1218 3290; x_wconf 87' lang='lat' dir='ltr'>quo</span> <span class='ocrx_word' id='word_1_199' title='bbox 1244 3218 1453 3276; x_wconf 83' lang='lat' dir='ltr'>Lacedaemonii</span> 
     </span>
     <span class='ocr_line' id='line_1_27' title="bbox 409 3303 1453 3373; baseline -0.007 -14"><span class='ocrx_word' id='word_1_200' title='bbox 409 3305 567 3361; x_wconf 86' lang='lat' dir='ltr'>Messeniis</span> <span class='ocrx_word' id='word_1_201' title='bbox 594 3304 745 3359; x_wconf 86' lang='lat' dir='ltr'>debellatis</span> <span class='ocrx_word' id='word_1_202' title='bbox 772 3305 808 3358; x_wconf 89' lang='lat' dir='ltr'>de</span> <span class='ocrx_word' id='word_1_203' title='bbox 829 3305 976 3373; x_wconf 87' lang='lat' dir='ltr'>Lepreatis</span> <span class='ocrx_word' id='word_1_204' title='bbox 1002 3306 1077 3360; x_wconf 88' lang='lat' dir='ltr'>bene</span> <span class='ocrx_word' id='word_1_205' title='bbox 1104 3306 1197 3360; x_wconf 89' lang='lat' dir='ltr'>meriti</span> <span class='ocrx_word' id='word_1_206' title='bbox 1225 3319 1292 3358; x_wconf 85' lang='lat' dir='ltr'>esse</span> <span class='ocrx_word' id='word_1_207' title='bbox 1318 3303 1453 3359; x_wconf 83' lang='lat' dir='ltr'>dicuntur:</span> 
     </span>
     <span class='ocr_line' id='line_1_28' title="bbox 408 3384 1454 3458; baseline -0.003 -17"><span class='ocrx_word' id='word_1_208' title='bbox 408 3388 549 3444; x_wconf 80' lang='lat' dir='ltr'>v111.355</span> <span class='ocrx_word' id='word_1_209' title='bbox 575 3389 621 3442; x_wconf 69' lang='grc' dir='ltr'>καὶ</span> <span class='ocrx_word' id='word_1_210' title='bbox 647 3384 727 3442; x_wconf 74' lang='grc' dir='ltr'><em>αὐτὸν</em></span> <span class='ocrx_word' id='word_1_211' title='bbox 752 3388 780 3441; x_wconf 71' lang='grc' dir='ltr'>δι’</span> <span class='ocrx_word' id='word_1_212' title='bbox 807 3389 854 3442; x_wconf 71' lang='lat' dir='ltr'>riv</span> <span class='ocrx_word' id='word_1_213' title='bbox 872 3385 964 3446; x_wconf 71' lang='lat' dir='ltr'>ullor</span> <span class='ocrx_word' id='word_1_214' title='bbox 988 3389 1035 3442; x_wconf 78' lang='grc' dir='ltr'>τὸν</span> <span class='ocrx_word' id='word_1_215' title='bbox 1062 3385 1216 3458; x_wconf 74' lang='grc' dir='ltr'><strong><em>ἠμαθοέντα</em></strong></span> <span class='ocrx_word' id='word_1_216' title='bbox 1241 3390 1278 3448; x_wconf 64' lang='grc' dir='ltr'>εἰς</span> <span class='ocrx_word' id='word_1_217' title='bbox 1299 3388 1327 3441; x_wconf 77' lang='grc' dir='ltr'>τὸ</span> <span class='ocrx_word' id='word_1_218' title='bbox 1349 3390 1454 3458; x_wconf 76' lang='grc' dir='ltr'>Λέπρεον</span> 
     </span>
     <span class='ocr_line' id='line_1_29' title="bbox 409 3469 1453 3544; baseline -0.006 -18"><span class='ocrx_word' id='word_1_219' title='bbox 409 3473 563 3544; x_wconf 75' lang='grc' dir='ltr'><strong><em>συνῴκισαν</em></strong></span> <span class='ocrx_word' id='word_1_220' title='bbox 587 3471 828 3541; x_wconf 77' lang='lat' dir='ltr'>(Lacedaemonii)</span> <span class='ocrx_word' id='word_1_221' title='bbox 849 3470 1028 3544; x_wconf 76' lang='grc' dir='ltr'>χαριζόμενοι</span> <span class='ocrx_word' id='word_1_222' title='bbox 1054 3476 1107 3532; x_wconf 80' lang='grc' dir='ltr'><strong><em>τοῖς</em></strong></span> <span class='ocrx_word' id='word_1_223' title='bbox 1134 3469 1298 3544; x_wconf 69' lang='grc' dir='ltr'>Λεπρεάταις</span> <span class='ocrx_word' id='word_1_224' title='bbox 1326 3470 1453 3544; x_wconf 73' lang='grc' dir='ltr'><strong><em>κρατήσασι</em></strong></span> 
     </span>
     <span class='ocr_line' id='line_1_30' title="bbox 409 3554 1453 3629; baseline -0.007 -19"><span class='ocrx_word' id='word_1_225' title='bbox 409 3559 524 3629; x_wconf 75' lang='grc' dir='ltr'><em>πολέμῳ.</em></span> <span class='ocrx_word' id='word_1_226' title='bbox 560 3571 627 3612; x_wconf 89' lang='lat' dir='ltr'>nam</span> <span class='ocrx_word' id='word_1_227' title='bbox 654 3556 821 3611; x_wconf 91' lang='lat' dir='ltr'>huiusmodi</span> <span class='ocrx_word' id='word_1_228' title='bbox 848 3556 970 3611; x_wconf 81' lang='lat' dir='ltr'>benefici</span> <span class='ocrx_word' id='word_1_229' title='bbox 998 3557 1139 3611; x_wconf 89' lang='lat' dir='ltr'>memoria</span> <span class='ocrx_word' id='word_1_230' title='bbox 1164 3557 1211 3610; x_wconf 91' lang='lat' dir='ltr'>vix</span> <span class='ocrx_word' id='word_1_231' title='bbox 1235 3569 1286 3623; x_wconf 87' lang='lat' dir='ltr'>per</span> <span class='ocrx_word' id='word_1_232' title='bbox 1303 3554 1356 3610; x_wconf 84' lang='lat' dir='ltr'>XC</span> <span class='ocrx_word' id='word_1_233' title='bbox 1375 3565 1453 3609; x_wconf 85' lang='lat' dir='ltr'>annos</span> 
     </span>
     <span class='ocr_line' id='line_1_31' title="bbox 411 3640 526 3696; baseline 0 -1"><span class='ocrx_word' id='word_1_234' title='bbox 411 3640 526 3696; x_wconf 89' lang='lat' dir='ltr'>durarit.</span> 
     </span>
    </p>

    <p class='ocr_par' dir='ltr' id='par_1_9' title="bbox 442 3732 622 3800">
     <span class='ocr_line' id='line_1_32' title="bbox 442 3732 622 3800; baseline -0.011 -14"><span class='ocrx_word' id='word_1_235' title='bbox 442 3732 499 3800; x_wconf 92' lang='grc'><strong>(52)</strong></span> <span class='ocrx_word' id='word_1_236' title='bbox 518 3749 542 3788; x_wconf 76' lang='lat' dir='ltr'>a</span> <span class='ocrx_word' id='word_1_237' title='bbox 559 3734 622 3788; x_wconf 84' lang='grc'>338.</span> 
     </span>
    </p>

    <p class='ocr_par' dir='ltr' id='par_1_10' title="bbox 444 3815 627 3884">
     <span class='ocr_line' id='line_1_33' title="bbox 444 3815 627 3884; baseline -0.011 -12"><span class='ocrx_word' id='word_1_238' title='bbox 444 3815 502 3884; x_wconf 86' lang='grc'><strong>(53)</strong></span> <span class='ocrx_word' id='word_1_239' title='bbox 520 3816 568 3872; x_wconf 93' lang='lat' dir='ltr'>1v.</span> <span class='ocrx_word' id='word_1_240' title='bbox 582 3817 627 3870; x_wconf 84' lang='lat'>77.</span> 
     </span>
    </p>

    <p class='ocr_par' dir='ltr' id='par_1_11' title="bbox 412 3893 1451 4052">
     <span class='ocr_line' id='line_1_34' title="bbox 443 3893 1451 3968; baseline -0.004 -14"><span class='ocrx_word' id='word_1_241' title='bbox 443 3899 500 3968; x_wconf 78' lang='grc'><strong>(54)</strong></span> <span class='ocrx_word' id='word_1_242' title='bbox 518 3914 570 3954; x_wconf 86' lang='lat' dir='ltr'>zur</span> <span class='ocrx_word' id='word_1_243' title='bbox 595 3899 783 3956; x_wconf 82' lang='lat' dir='ltr'>arladischen</span> <span class='ocrx_word' id='word_1_244' title='bbox 810 3900 991 3968; x_wconf 72' lang='lat' dir='ltr'>Kdnigsliste</span> <span class='ocrx_word' id='word_1_245' title='bbox 1018 3900 1069 3954; x_wconf 92' lang='lat' dir='ltr'>des</span> <span class='ocrx_word' id='word_1_246' title='bbox 1094 3900 1275 3956; x_wconf 80' lang='lat' dir='ltr'>Pausanias·</span> <span class='ocrx_word' id='word_1_247' title='bbox 1295 3893 1451 3954; x_wconf 81' lang='lat' dir='ltr'>Festschrilt</span> 
     </span>
     <span class='ocr_line' id='line_1_35' title="bbox 412 3982 1151 4052; baseline 0 -15"><span class='ocrx_word' id='word_1_248' title='bbox 412 3983 464 4038; x_wconf 89' lang='lat' dir='ltr'>des</span> <span class='ocrx_word' id='word_1_249' title='bbox 483 3982 693 4052; x_wconf 85' lang='lat' dir='ltr'>Gymnasiums</span> <span class='ocrx_word' id='word_1_250' title='bbox 711 4000 747 4038; x_wconf 92' lang='lat' dir='ltr'>zu</span> <span class='ocrx_word' id='word_1_251' title='bbox 764 3985 859 4052; x_wconf 80' lang='lat' dir='ltr'>Jauer.</span> <span class='ocrx_word' id='word_1_252' title='bbox 889 3984 966 4038; x_wconf 85' lang='lat'>1890.</span> <span class='ocrx_word' id='word_1_253' title='bbox 995 3999 1022 4051; x_wconf 91' lang='lat' dir='ltr'>p.</span> <span class='ocrx_word' id='word_1_254' title='bbox 1038 3983 1151 4038; x_wconf 83' lang='grc'><strong>53-69.</strong></span> 
     </span>
    </p>

    <p class='ocr_par' dir='ltr' id='par_1_12' title="bbox 444 4066 685 4135">
     <span class='ocr_line' id='line_1_36' title="bbox 444 4066 685 4135; baseline 0.008 -15"><span class='ocrx_word' id='word_1_255' title='bbox 444 4066 504 4135; x_wconf 88' lang='grc'><strong>(55)</strong></span> <span class='ocrx_word' id='word_1_256' title='bbox 524 4068 555 4122; x_wconf 94' lang='lat' dir='ltr'>ll.</span> <span class='ocrx_word' id='word_1_257' title='bbox 574 4076 604 4122; x_wconf 82' lang='grc' dir='ltr'>Β.</span> <span class='ocrx_word' id='word_1_258' title='bbox 622 4067 685 4122; x_wconf 84' lang='grc'><strong>509.</strong></span> 
     </span>
    </p>
   </div>
   <div class='ocr_carea' id='block_1_7' title="bbox 0 0 1510 5168">
    <p class='ocr_par' dir='ltr' id='par_1_13' title="bbox 0 0 1510 5168">
     <span class='ocr_line' id='line_1_37' title="bbox 0 0 1510 5168; baseline 0 0"><span class='ocrx_word' id='word_1_259' title='bbox 0 0 1510 5168; x_wconf 95' lang='lat' dir='ltr'> </span> 
     </span>
    </p>
   </div>
  </div>
 </body>
</html>
