3000 5168
870 501 990 610 1111

449 678 576 762 quodsi
610 679 688 759 quis
711 677 854 760 requirit
876 677 1016 759 quinam
1044 677 1112 740 sint
1145 673 1211 740 loci
1234 675 1474 755 scriptorum,

408 785 587 870 equibus
621 783 899 851 Immerwahrius
935 785 1139 852 sententiam
1174 800 1271 849 suam
1310 783 1490 864 petierit
1489 772 1490 821 3

408 913 491 962 ecce
514 897 572 978 qui
596 893 720 977 apud'
711 911 826 977 rpsum
849 892 1054 962 afferuntur:
1489 904 1490 921 ¹

448 1020 523 1086 Nic.
547 1019 646 1086 Dam.
670 1018 732 1103 lrg.
755 1024 812 1085 43.
856 1019 951 1087 Suid.
985 1039 1011 1086 s.
1034 1037 1066 1085 v.
1090 1015 1241 1083 Λυκάων.
1295 1015 1403 1082 Eust.
1431 966 1490 1080 adl

408 1129 442 1195 ll.
466 1129 506 1196 B.
534 1135 615 1196 608.
640 1148 672 1214 p.
692 1135 774 1196 302.
818 1129 931 1197 Tzetz.
955 1129 1035 1213 Lyc.
1060 1133 1140 1195 481.
1175 1128 1333 1196 Pseudo·
1335 1126 1489 1222 Hecat.

407 1239 499 1322 apud
522 1238 597 1305 Nat.
621 1238 724 1308 Com.
747 1238 801 1306 lX.
824 1244 855 1305 9.
895 1239 1022 1324 Hygin.
1046 1237 1111 1305 lab.
1132 1242 1210 1305 176.
1237 1235 1338 1304 Serv.
1354 1187 1489 1392 Verg}

407 1347 461 1413 Vl.
485 1353 541 1414 41.

449 1474 628 1557 equibus
663 1475 733 1540 duo
766 1478 874 1540 omitti
908 1488 1056 1558 possunt
1093 1476 1171 1558 quia
1209 1475 1338 1540 ceteris
1382 1491 1469 1540 con·
1488 1537 1489 1546 ,

407 1586 567 1649 tinentur.
585 1587 710 1650 etenim
727 1582 851 1650 Suidas
865 1586 1050 1667 exscripsit
1065 1583 1246 1649 Nicolaum
1261 1596 1293 1649 et
1307 1579 1468 1648 Tzetzen

408 1691 427 1757 l.
451 1691 472 1756 1.
496 1690 554 1757 ubi
588 1693 677 1759 duae
710 1692 813 1758 huius
844 1691 978 1760 labulae
1001 1691 1129 1776 figurae
1153 1704 1277 1772 extant,
1310 1705 1489 1775 quarum
1485 1673 1489 1790 1

408 1804 518 1885 prima
541 1820 632 1868 nunc
656 1803 874 1885 respicienda
898 1817 959 1885 est,
983 1802 1071 1868 male
1095 1803 1310 1896 contraxisse
1335 1799 1467 1866 biblio·
1488 1791 1489 1890 1

408 1911 541 1977 thecam
564 1909 753 1976 verborum
777 1925 966 1978 concentus
990 1913 1100 1978 docet
1488 1921 1489 1928 ’

449 2035 606 2102 Pseudo·
608 2035 820 2103 Hecataeum
845 2055 984 2120 quoque
1000 2038 1092 2120 apud
1108 2035 1263 2103 Natalem
1280 2032 1464 2102 Comitem

409 2145 592 2228 neglegere
616 2143 665 2210 las
689 2159 751 2212 est

451 2270 580 2353 Hygini
614 2268 726 2337 labula
761 2289 830 2336 non
854 2271 955 2354 plane
979 2274 1141 2338 convenit
1168 2289 1246 2338 cum
1270 2268 1380 2354 figura
1409 2271 1462 2335 illa

409 2378 598 2446 Hesiodea.
642 2379 736 2445 addit
758 2382 849 2446 enim
873 2378 989 2446 lovem
1014 2379 1165 2464 hospitio
1189 2393 1368 2462 receptum
1396 2379 1463 2462 Ly·

407 2491 524 2554 caonis
561 2485 662 2554 liliam
706 2485 850 2556 Callisto
893 2491 1148 2571 compressisse
1185 2487 1460 2572 Lycaonemque

408 2599 442 2663 in
466 2596 537 2681 lupi
561 2593 702 2679 liguram
727 2611 891 2662 mutatum
916 2616 1006 2680 esse,
1034 2617 1135 2682 quam
1160 2596 1460 2680 metamorphosin

408 2705 685 2772 Immerwahrius
701 2706 796 2773 alteri
814 2705 947 2773 fabulae
964 2705 1092 2790 ligurae
1108 2709 1266 2789 assignat.
1303 2705 1461 2771 hortatus

408 2815 548 2898 quidem
586 2827 639 2881 est
679 2813 956 2882 Immerwahrius
998 2816 1102 2902 idque
1139 2817 1324 2882 verissime
1366 2815 1461 2898 apud

409 2910 683 3008 mythographos
720 2927 925 2990 recentioris
962 2927 1037 2991 aevi
1076 2926 1460 2991 commisceriomnia.

409 3033 502 3117 quod
526 3035 555 3099 si
578 3032 645 3099 hoc
669 3033 746 3099 loeo
763 3032 888 3100 lactum
911 3036 965 3115 sit,
988 3033 1156 3100 concedat
1178 3049 1261 3116 ergo
1283 3032 1372 3098 adeo
1389 3046 1462 3099 tur-

408 3141 523 3207 batum
559 3160 638 3208 esse
672 3155 707 3206 ut
729 3145 926 3208 testimonio
951 3141 1080 3224 Hygini
1116 3145 1150 3208 in
1184 3160 1222 3208 re
1249 3143 1387 3225 ancipiti
1414 3145 1460 3208 uti

410 3269 479 3317 non
504 3253 693 3334 possimus.

450 3389 551 3461 atque
585 3377 677 3443 idem
711 3375 784 3443 lere
819 3378 946 3444 dictum
981 3391 1055 3445 esto
1079 3379 1122 3445 de
1146 3375 1269 3444 Servio
1293 3379 1350 3460 qui
1374 3376 1460 3444 haec

410 3485 528 3554 habet:

453 3610 589 3690 „Iovem
623 3610 832 3694 Lycaonem,
869 3614 964 3696 quod
1001 3617 1032 3681 ei
1069 3612 1176 3679 lilium
1211 3631 1313 3679 suum
1351 3629 1459 3696 appo-

410 3723 538 3788 suisset
581 3721 803 3805 epulandum‚
847 3723 961 3805 ipsum
1007 3724 1147 3806 quidem
1193 3721 1336 3788 iulmine
1381 3739 1459 3806 per-

410 3832 574 3913 cussisse,
597 3829 724 3898 iecisse
747 3849 833 3898 vero
857 3831 1036 3898 diluvium.
1060 3880 1066 3895 .
1091 3834 1118 3898 .“

453 3958 530 4005 nam
553 3937 659 4004 lilium
684 3937 837 4006 occisum
854 3933 1131 4006 Immerwahrius
1148 3952 1345 4024 postremae
1360 3945 1457 4010 aetati

411 4046 536 4113 tribuit.

1486 1963 1489 2040 ἡ
