3000 5168
824 576 945 694 (lt)

361 751 405 826 de
428 752 595 825 Narcisso
619 771 652 824 et
675 755 769 825 Echo
793 755 941 826 isbulam
963 755 1193 842 Thespiacam
1224 771 1325 841 atque
1348 755 1412 824 hli-

359 866 712 952 nyeidas'occasione
735 867 846 935 oblata
869 867 1070 952 complures
1093 864 1226 934 fabulas
1246 865 1412 936 Asiaticas

360 987 539 1044 narrantes
563 973 652 1044 lecit.
697 989 852 1044 ceterum
875 978 1021 1061 nequis
1044 978 1135 1044 inter
1157 973 1271 1044 iontes
1294 993 1414 1044 neces-

260 1093 263 1100 '
358 1085 545 1153 situdinem
578 1088 813 1170 angustiorem
846 1103 948 1171 quam
982 1103 1045 1170 par
1074 1098 1127 1154 est
1149 1098 1300 1154 statuere
1322 1083 1414 1166 velit,

358 1195 438 1262 lieet
460 1197 560 1264 etism
584 1198 618 1262 in
634 1195 741 1264 rebus
757 1194 1000 1264 minutioribus
1016 1195 1201 1279 singularis
1220 1194 1313 1262 haud
1336 1211 1413 1262 raro

358 1318 519 1372 cernatur
535 1323 742 1388 consensus,
758 1307 859 1372 etism
875 1304 1126 1388 discrepantias
1142 1306 1261 1371 inesse
1276 1320 1415 1384 moneo,

357 1430 446 1498 quae
469 1431 489 1480 e
511 1412 654 1480 libidine
669 1411 823 1481 Nasonis
845 1413 1012 1480 idoneum
1028 1411 1240 1497 explicatum
1263 1431 1335 1480 non
1358 1411 1415 1478 ha-

357 1520 468 1590 beant.
523 1523 646 1590 eadem
679 1535 792 1592 autern
826 1519 900 1590 lere
945 1519 1137 1590 fabularum
1170 1519 1413 1590 Thebanarum

359 1628 587 1700 conformatio
615 1633 790 1700 invenitur
822 1632 915 1716 apud
938 1630 1136 1700 Diodorum
1166 1642 1200 1697 et
1225 1629 1414 1715 Hyginum,

360 1740 533 1808 interdum
567 1743 668 1808 etiam
701 1742 794 1826 apud
816 1739 995 1810 Nonnum.
1038 1755 1141 1825 atque
1164 1757 1362 1808 consensus
1385 1741 1413 1805 is

359 1863 412 1918 est
445 1847 686 1934 ut'Ovidium,
720 1851 799 1919 licet
832 1864 955 1936 poetas
978 1847 1140 1918 Graecos
1174 1849 1231 1916 hic
1265 1847 1335 1916 illic
1358 1850 1414 1916 ad·

358 1958 519 2042 hibuerit,
542 1973 651 2028 totum
674 1973 793 2028 tamen
811 1973 969 2028 tenorem
992 1976 1110 2026 rerum
1126 1957 1413 2043 mythographico

358 2067 552 2136 enchiridio
590 2068 721 2138 debere
763 2085 896 2153 ponere
937 2086 1007 2136 non
1051 2066 1217 2136 dubitem.
1268 2066 1415 2135 libenter

358 2189 472 2244 autem
512 2175 678 2245 Nonnum
721 2180 802 2246 item
846 2179 960 2262 egisse
1003 2176 1224 2244 crediderim.
1288 2177 1413 2244 etenim

359 2286 609 2371 discrepantias
653 2305 739 2371 quas
782 2305 888 2371 supra
933 2289 966 2354 in
1011 2284 1124 2354 labula
1162 2283 1289 2354 Csdmi
1328 2282 1415 2352 Ovi·

357 2395 452 2462 dium
490 2398 580 2464 inter
618 2409 652 2464 et
687 2394 853 2462 Nonnum
897 2397 1092 2463 notavimus
1129 2397 1260 2478 optime
1304 2393 1413 2478 expli-

358 2506 460 2587 cans,
494 2507 523 2572 si
551 2523 668 2572 sumas
691 2519 877 2590 utrumque
901 2507 1108 2590 scriptorem
1131 2503 1315 2570 utilissima
1339 2521 1413 2586 my·

357 2613 630 2698 thographorum
646 2613 847 2696 enchiridia,
870 2613 996 2699 quihus
1012 2614 1156 2680 traditus
1176 2627 1278 2680 tenor
1295 2631 1411 2680 rerum

357 2721 517 2790 facillime
547 2722 831 2808 cognoscebatur,
863 2725 924 2790 vix
946 2741 1110 2808 umquam
1143 2725 1352 2806 seposuisse
1375 2741 1413 2787 ac

357 2849 400 2898 ne
424 2847 547 2916 magno
582 2832 723 2916 quidem
757 2846 859 2916 poeta
882 2832 1011 2898 auxilio
1035 2834 1203 2900 arcessito
1226 2831 1331 2915 plane
1355 2850 1413 2898 ne-

356 2940 517 3024 glexisse.

399 3061 517 3116 contra
534 3045 702 3116 Ovidium
726 3051 760 3116 in
781 3047 893 3116 fabula
910 3046 1035 3117 Cadmi
1059 3050 1208 3116 maxime
1232 3067 1251 3115 e
1275 3047 1413 3133 mytho·

356 3157 496 3242 graphis
519 3158 675 3241 pendere
689 3159 805 3225 visum
828 3170 882 3225 est
897 3155 1039 3240 Crusio,
1061 3159 1120 3241 qui
1144 3159 1230 3223 mira
1245 3156 1414 3226 disseruit

357 3267 401 3334 de
424 3264 558 3335 labulae
591 3264 698 3351 figura
721 3285 810 3352 quae
832 3269 984 3334 occurrit
1017 3266 1110 3351 apud
1136 3265 1413 3351 mythographos

357 3378 583 3461 posteriores.
627 3394 697 3444 non
721 3377 813 3442 enim
836 3393 901 3443 suo
925 3377 1037 3460 pretio
1059 3372 1209 3443 iabulsm
1231 3373 1413 3460 vulgarem

356 3487 538 3554 aestimare
560 3485 709 3567 videtur,
732 3502 811 3552 cum
834 3497 948 3552 tamen
968 3483 1176 3552 bibliotheca
1191 3481 1414 3568 Apollodori,

356 3597 490 3662 tametsi
514 3595 687 3663 interdum
711 3597 859 3680 tragicos
888 3609 921 3663 et
944 3597 1159 3662 recentiores
1181 3605 1304 3678 poetas
1328 3594 1412 3662 sub·

356 3717 474 3772 secuta
508 3718 574 3788 est,
608 3707 764 3790 antiquas
798 3717 831 3772 et
863 3707 1029 3789 genuinas
1063 3701 1256 3772 fabularum
1283 3699 1412 3787 ligurus

356 3811 489 3882 relerre
512 3813 631 3882 soleat.
676 3832 758 3882 ecce
791 3815 867 3898 ipsa
890 3811 997 3883 Crusi
1030 3812 1153 3881 verba:
1197 3811 1254 3879 die
1277 3810 1414 3881 Ueber·

356 3919 526 4008 lielerung
562 3941 711 3992 unserer
740 3921 1024 4011 ‘Mythographen
1061 3921 1142 4006 geht
1179 3919 1289 3988 durch
1310 3918 1414 3989 vVer·

355 4031 534 4118 mittclung
554 4049 748 4117 anonymer
764 4030 1041 4112 „Handbiicher“
1065 4029 1154 4099 iiber
1168 4028 1412 4115 Lysimachos'

356 4136 513 4230 Θηβαικά,
536 4139 740 4211 Hellanicus
756 4142 827 4210 und
843 4139 1067 4226 Pherecydes
1089 4137 1151 4208 aul
1168 4141 1247 4223 jene
1264 4139 1412 4223 epische
