3000 5168
850 469 968 571 llll

389 640 536 710 eflicitur
567 660 656 708 voce
689 661 778 726 quae
812 655 864 710 est
896 645 1016 708 donnus
1049 660 1118 709 non
1142 643 1319 726 designari
1345 643 1458 710 aedes

389 770 477 834 quae
500 753 664 820 incensae
689 750 833 835 luerent,
867 753 1040 837 siquidem
1065 753 1249 820 universae
1272 755 1458 836 nequitiae

389 877 459 926 non
493 857 658 942 aedilicia,
692 860 756 928 sed
790 860 951 929 homines
984 879 1117 945 poenas
1145 860 1229 928 dare
1251 861 1457 945 oportebat.

388 969 516 1036 idcirca
554 967 637 1036 mihi
676 969 856 1052 probabile
892 971 1032 1038 videtur
1073 968 1205 1038 iontem
1242 967 1361 1037 Ovidi
1406 971 1458 1037 vel

389 1079 503 1161 ipsum
537 1091 675 1161 poetam
709 1078 828 1146 dicere
862 1076 1059 1162 neglexisse
1093 1079 1189 1164 quod
1212 1077 1335 1147 debuit
1363 1077 1458 1146 filios

389 1183 551 1254 facinoris
586 1188 748 1254 conscios
782 1185 902 1255 luisse.
947 1190 1001 1254 cui
1030 1191 1221 1256 sententiae
1243 1187 1340 1254 aliud
1370 1207 1458 1271 quo·

389 1313 457 1377 que
479 1308 720 1378 argumentum
743 1295 946 1378 opitulatur:

430 1420 499 1470 non
533 1421 599 1470 suo
633 1403 746 1472 Marte
779 1403 948 1472 diluvium
983 1425 1062 1473 cum
1096 1407 1235 1473 interitu
1271 1403 1456 1487 Lycaonis

389 1513 569 1579 coniunxit
602 1525 715 1595 poeto.
759 1531 837 1580 nam
871 1515 965 1581 idem
999 1533 1111 1582 nexus
1145 1515 1323 1581 invenitur
1358 1515 1455 1598 apud

390 1619 672 1704 mythographos.

430 1728 511 1795 bibl.
544 1728 658 1812 Apoll.
697 1728 748 1796 ΙΙΙ.
782 1735 841 1796 99.
881 1737 1047 1814 Νυκτίμου
1086 1729 1147 1814 (lili
1181 1729 1360 1813 Lycaonis
1402 1735 1454 1798 cui

389 1838 454 1904 soli
489 1853 694 1922 pepercerat
725 1838 893 1925 luppiter)
923 1841 960 1906 δὲ
990 1838 1048 1925 τὴν
1084 1841 1253 1922 βασιλείαν
1289 1842 1452 1926 παραλυ-

387 1945 505 2028 βόνυος
538 1944 555 2012 ὁ
589 1948 646 2014 ant
672 1949 894 2026 Δευκαλίωνος
915 1947 1139 2034 maurianum
1166 1950 1306 2030 ἐγένετο·
1331 1948 1453 2016 coinon

388 2055 469 2120 ἔνιοι
501 2051 556 2120 διὰ
587 2052 645 2140 τὴν
677 2053 746 2122 τῶν
766 2054 937 2134 Λυκάονος
968 2058 1098 2124 παίδων
1129 2058 1321 2140 δυσσέβειαν
1355 2063 1454 2125 εἶπον

389 2166 595 2247 γεγενῆσθαι.

434 2272 526 2340 idem
572 2286 715 2341 testatur
757 2272 902 2342 Servius
937 2272 1015 2358 (³3)
1061 2293 1125 2342 nec
1169 2287 1284 2342 tamen
1330 2277 1449 2359 ipsum

392 2378 564 2448 Ovidium
608 2384 775 2465 sequitur.
833 2384 916 2450 dicit
952 2386 1044 2452 enim
1089 2382 1207 2452 Iovem
1248 2381 1452 2467 Lycaonem

391 2488 534 2557 lulmine
558 2493 765 2574 peremisse,
786 2495 844 2575 qui
868 2493 961 2577 apud
984 2492 1080 2559 illum
1103 2493 1208 2577 lupus
1231 2491 1276 2558 lit.

434 2600 555 2666 eadem
615 2601 766 2684 denique
825 2600 968 2684 praebet
1021 2601 1299 2685 Mythographus
1356 2601 1452 2669 Vati-

390 2727 497 2774 canus
520 2707 532 2774 1
557 2707 634 2792 (34)
669 2728 773 2792 quem
808 2728 851 2777 ne
882 2712 997 2795 ipsum
1020 2711 1162 2795 quidem
1186 2707 1294 2777 Ovidi
1317 2713 1449 2778 scrinia

390 2816 564 2901 expilasse
588 2815 702 2884 ellicio
737 2837 781 2885 ex
804 2820 847 2885 iis
870 2837 960 2902 quac
987 2819 1095 2887 addit:
1137 2819 1308 2903 „primum
1332 2833 1449 2888 autem

390 2924 559 3022 diluvium
593 2925 658 2992 sub
683 2923 807 3010 Ogyge
842 2944 923 3010 rege
945 2927 1193 2995 Thebanorum
1222 2931 1343 3011 extitit,
1379 2948 1450 2996 non

390 3033 455 3100 sub
489 3033 650 3116 Saturno,
684 3036 879 3102 secundum
913 3036 978 3102 sub
1001 3035 1096 3120 love,
1129 3037 1224 3120 quod
1252 3050 1284 3104 et
1310 3035 1451 3105 Deuca·

390 3141 494 3209 lionis
539 3143 692 3211 dicitur.“
758 3143 846 3212 haec
891 3147 982 3212 enim
1017 3148 1092 3212 sine
1127 3147 1367 3212 controversia
1410 3148 1449 3213 ad

390 3252 648 3334 grammaticum
672 3255 854 3336 pertinent.

433 3358 599 3427 credibile
622 3362 724 3444 igitur
757 3374 810 3428 est
833 3360 964 3428 fabulas
988 3363 1032 3428 de
1055 3360 1218 3445 Lycaone
1252 3375 1285 3429 et
1308 3361 1448 3432 Deuca·

391 3468 484 3534 lione
522 3469 680 3537 diversas
715 3471 848 3553 origine
886 3484 920 3538 et
953 3473 1060 3554 patria
1097 3483 1235 3555 poetam
1273 3473 1447 3555 quendam

391 3575 473 3643 olim
512 3576 696 3661 copulasse
741 3597 892 3662 eumque
930 3579 1082 3664 dignum,
1127 3582 1226 3647 cuius
1268 3581 1448 3649 inventum

392 3685 634 3770 mythographi
651 3689 848 3772 reciperent
873 3687 930 3756 vel
954 3688 1074 3756 saltem
1091 3691 1319 3774 respicerent.
1355 3695 1449 3775 quis·
1478 3685 1479 3690 ’

425 3951 482 4018 (33)
502 3954 536 4005 ad
556 3953 640 4021 Verg.
659 3954 716 4006 Ecl.
734 3954 779 4007 Vl.
798 3955 842 4006 41.

425 4035 480 4102 (34)
503 4036 553 4088 189
573 4037 730 4090 Deucalion
750 4047 778 4090 et
797 4037 912 4105 Pyrrha.
