3000 5168
868 471 988 580 (18)

406 643 527 710 dividit
565 642 652 710 hanc
690 646 723 710 in
761 657 831 712 tres
870 647 1020 730 species,
1065 661 1209 728 quarum
1247 643 1322 712 illas
1352 649 1480 735 *poesi

406 755 658 828 astronomicae
693 767 726 821 et
760 757 891 823 recenti
925 757 1023 822 aetati
1058 757 1300 837 imperatoriae
1333 754 1466 828 tribuit.

406 865 515 946 prima
548 880 634 931 vero
668 881 709 930 ea
742 878 804 946 est,
839 882 941 948 quam
966 863 1067 932 habet
1091 861 1243 932 Ovidius
1267 877 1300 931 et
1322 863 1466 946 mytho·

405 970 525 1056 grapbi
549 989 637 1056 quos
661 990 772 1039 exeo
796 973 951 1056 pendere
967 974 1130 1040 vidimus.
1163 973 1246 1056 quid
1269 973 1464 1039 dicendum

407 1081 484 1149 est?
528 1082 821 1165 quemadmodum
855 1083 961 1148 modo
994 1083 1146 1149 vidimus
1180 1100 1250 1148 non
1283 1100 1367 1148 esse
1409 1102 1464 1149 eur

406 1189 554 1258 fabulam
604 1209 706 1274 quam
762 1191 907 1275 legimus
957 1193 1049 1275 apud
1094 1189 1372 1275 mytbograplros
1428 1195 1463 1257 ad

407 1299 604 1367 Hesiodum
623 1299 825 1382 referamus,
848 1303 899 1368 sic
922 1319 1013 1368 nunc
1036 1302 1211 1385 dispicere
1228 1318 1369 1384 nequeo
1399 1293 1479 1384 qual

406 1409 449 1476 de
487 1427 589 1476 causa
626 1407 774 1475 fabulam
818 1410 1014 1478 ovidianum
1052 1424 1129 1476 ante
1167 1423 1310 1477 aetatem
1351 1410 1479 1476 helle-i

406 1519 561 1584 nisticam
595 1518 687 1601 apud
724 1519 915 1602 scriptores
958 1537 1028 1586 non
1067 1521 1306 1602 comparuisse
1346 1537 1462 1584 sumar

405 1625 694 1694 Immerwabrius.
748 1646 871 1694 verum
905 1626 972 1694 boc
1005 1643 1083 1695 ante
1118 1631 1233 1695 omnia
1266 1629 1462 1694 tenendum

405 1748 470 1802 est:
528 1738 763 1802 testimonium
808 1733 916 1804 Ovidi
968 1738 1126 1832 eiusdem
1170 1739 1308 1820 generis
1354 1751 1460 1822 atque

405 1857 600 1912 ceterorum
639 1864 732 1912 esse:
778 1859 898 1913 cuncta
936 1844 1068 1913 referre
1105 1846 1283 1930 vulgarem
1323 1845 1462 1914 fabulae

405 1952 547 2037 liguram
581 1953 690 2037 qualis
726 1953 987 2038 mythographis
1021 1969 1186 2022 consueta
1215 1954 1327 2022 luerit.
1377 1958 1480 2023 nibil

405 2062 566 2146 equidem
584 2062 778 2130 concedere
802 2062 921 2130 dubito
945 2063 1048 2130 multa
1072 2067 1106 2129 in
1130 2063 1193 2130 bac
1216 2062 1340 2148 fabula,
1365 2080 1409 2131 ut
1433 2069 1460 2130 in

405 2170 479 2237 aliis
502 2173 687 2254 sexcentis,
721 2175 832 2255 poetis
856 2171 976 2239 deberi
1009 2175 1066 2256 qui
1100 2170 1233 2239 fabulas
1257 2191 1343 2240 suae
1367 2177 1462 2258 quis-

406 2299 474 2364 que
507 2283 605 2347 aetati
628 2283 860 2348 accomodatis
894 2281 1070 2349 coloribus
1094 2281 1256 2349 excolere
1290 2283 1459 2364 solebant,

407 2388 639 2474 nonnullaque
673 2405 873 2458 ornamenta
907 2390 1068 2458 redolere
1104 2405 1248 2458 aetatem
1286 2397 1460 2460 recentio

406 2517 491 2564 rem.
520 2498 630 2566 ¹velut
653 2497 751 2566 facile
783 2515 834 2566 est
863 2500 906 2566 ad
936 2499 1219 2584 intellegendum,
1250 2519 1328 2567 cum
1361 2504 1458 2569 initio

407 2624 495 2690 puer
517 2607 713 2674 immolatus
737 2627 816 2675 esse
832 2609 944 2675 dictus
961 2621 1064 2691 esset,
1087 2611 1301 2675 recentiores
1324 2615 1458 2693 pcccati

406 2719 589 2784 atrocitatis
626 2717 802 2801 augendae
840 2736 942 2784 causa
979 2716 1138 2784 obsidem
1176 2717 1357 2786 induxisse
1406 2721 1458 2788 vel

406 2827 506 2892 etiam
530 2824 701 2910 Lycaonis
724 2825 830 2894 lilium
855 2841 1073 2910 nepotemve.
1104 2841 1249 2894 attamen
1274 2845 1344 2893 non
1369 2829 1458 2896 duae

406 2931 540 3001 fabulae
573 2932 700 3018 figurae
735 2935 830 3002 bisce
864 2937 1072 3018 scriptorum
1107 2934 1192 3001 locis
1227 2937 1458 3018 continentur,

406 3044 569 3110 seduna.
682 3087 684 3090 -
1078 3039 1080 3044 '

448 3185 509 3252 age
546 3169 741 3253 diligentius
778 3171 959 3238 videamus
1003 3170 1046 3237 de
1092 3170 1322 3252 discrepantia
1368 3173 1458 3239 inter

406 3280 596 3362 scriptores
619 3296 720 3362 quam
746 3280 888 3346 minoris
912 3297 991 3346 esse
1014 3278 1260 3346 aestimandam
1276 3279 1458 3361 apparebit

407 3405 509 3470 quam
544 3390 653 3471 prima
687 3390 805 3471 specie
839 3388 1040 3455 credideris.
1085 3405 1190 3471 supra
1218 3391 1457 3470 comperimus

407 3499 581 3564 neminem
599 3510 736 3580 praeter
753 3493 920 3564 Ovidium
945 3497 1080 3564 tradere
1097 3495 1294 3580 Lycaonem
1312 3498 1456 3566 caedem

407 3603 497 3672 lovis
531 3606 729 3673 meditatum
764 3625 853 3673 esse.
897 3620 928 3672 at
961 3608 1152 3672 accuratius
1187 3619 1310 3689 poetae
1348 3607 1456 3674 verba

407 3717 681 3799 perpendantur:

407 3965 521 4018 Metam.
531 3964 548 4017 1.
559 3965 613 4016 222
632 3979 698 4018 mox
717 3965 765 4017 ait:
786 3966 933 4032 „experiar
951 3964 1024 4018 deus
1043 3965 1098 4030 hic,
1117 3965 1284 4018 discrimine
1303 3976 1417 4034 aperto,

631 4063 666 4102 an
685 4051 722 4102 sit
741 4049 876 4102 mortalis.
903 4062 957 4102 nec
975 4049 1028 4102 erit
1046 4048 1201 4103 dubitabile
1218 4048 1346 4102 verum.“
1391 4078 1393 4082 ·
